<?xml version="1.0" encoding="UTF-8"?>
<!DOCTYPE html PUBLIC "-//W3C//DTD XHTML 1.0 Transitional//EN"
    "http://www.w3.org/TR/xhtml1/DTD/xhtml1-transitional.dtd">
<html xmlns="http://www.w3.org/1999/xhtml" xml:lang="en" lang="en">
 <head>
  <title>
</title>
<meta http-equiv="Content-Type" content="text/html;charset=utf-8" />
  <meta name='ocr-system' content='tesseract 3.04.00' />
  <meta name='ocr-capabilities' content='ocr_page ocr_carea ocr_par ocr_line ocrx_word'/>
</head>
<body>
  <div class='ocr_page' id='page_1' title='image "./annalesaltahens00oefegoog_0095.png"; bbox 0 0 3270 5028; ppageno 0'>
   <div class='ocr_carea' id='block_1_1' title="bbox 394 474 1392 536">
    <p class='ocr_par' dir='ltr' id='par_1_1' title="bbox 394 474 1392 536">
     <span class='ocr_line' id='line_1_1' title="bbox 394 474 1392 536; baseline 0.006 -6"><span class='ocrx_word' id='word_1_1' title='bbox 394 474 574 530; x_wconf 78' lang='lat' dir='ltr'><strong>ANNALas</strong></span> <span class='ocrx_word' id='word_1_2' title='bbox 593 474 848 530; x_wconf 77' lang='lat' dir='ltr'><strong>ALrAHaNsns</strong></span> <span class='ocrx_word' id='word_1_3' title='bbox 866 474 1048 534; x_wconf 75' lang='lat' dir='ltr'><strong>Mmoans.</strong></span> <span class='ocrx_word' id='word_1_4' title='bbox 1085 477 1121 533; x_wconf 88' lang='lat' dir='ltr'><strong>A.</strong></span> <span class='ocrx_word' id='word_1_5' title='bbox 1135 480 1213 534; x_wconf 81' lang='lat'>1065.</span> <span class='ocrx_word' id='word_1_6' title='bbox 1357 481 1392 536; x_wconf 87' lang='grc'><strong>69</strong></span> 
     </span>
    </p>
   </div>
   <div class='ocr_carea' id='block_1_2' title="bbox 213 659 1537 3924">
    <p class='ocr_par' dir='ltr' id='par_1_2' title="bbox 213 659 1537 3482">
     <span class='ocr_line' id='line_1_2' title="bbox 218 659 1391 740; baseline 0.002 -18"><span class='ocrx_word' id='word_1_7' title='bbox 218 678 352 740; x_wconf 91' lang='lat' dir='ltr'><strong>cunque</strong></span> <span class='ocrx_word' id='word_1_8' title='bbox 386 659 423 720; x_wconf 94' lang='lat' dir='ltr'><strong>in</strong></span> <span class='ocrx_word' id='word_1_9' title='bbox 456 679 598 721; x_wconf 91' lang='lat' dir='ltr'><strong>manum</strong></span> <span class='ocrx_word' id='word_1_10' title='bbox 632 662 814 735; x_wconf 86' lang='lat' dir='ltr'><strong>venerant,</strong></span> <span class='ocrx_word' id='word_1_11' title='bbox 855 659 995 723; x_wconf 80' lang='lat' dir='ltr'><strong>fortiter</strong></span> <span class='ocrx_word' id='word_1_12' title='bbox 1032 659 1250 724; x_wconf 69' lang='lat' dir='ltr'><strong>resistebant.</strong></span> <span class='ocrx_word' id='word_1_13' title='bbox 1304 660 1391 739; x_wconf 79' lang='lat' dir='ltr'><strong>Qua·</strong></span> 
     </span>
     <span class='ocr_line' id='line_1_3' title="bbox 217 747 1392 830; baseline 0.001 -20"><span class='ocrx_word' id='word_1_14' title='bbox 217 749 357 830; x_wconf 88' lang='lat' dir='ltr'><strong>propter</strong></span> <span class='ocrx_word' id='word_1_15' title='bbox 390 747 512 810; x_wconf 89' lang='lat' dir='ltr'><strong>maiori</strong></span> <span class='ocrx_word' id='word_1_16' title='bbox 546 747 786 830; x_wconf 85' lang='lat' dir='ltr'><strong>indignatione</strong></span> <span class='ocrx_word' id='word_1_17' title='bbox 816 747 933 812; x_wconf 88' lang='lat' dir='ltr'><strong>hostes</strong></span> <span class='ocrx_word' id='word_1_18' title='bbox 963 749 1126 830; x_wconf 88' lang='lat' dir='ltr'><strong>permoti,</strong></span> <span class='ocrx_word' id='word_1_19' title='bbox 1163 749 1309 813; x_wconf 79' lang='lat' dir='ltr'>acriores</span> <span class='ocrx_word' id='word_1_20' title='bbox 1343 750 1392 811; x_wconf 93' lang='lat' dir='ltr'><strong>in-</strong></span> 
     </span>
     <span class='ocr_line' id='line_1_4' title="bbox 217 833 1390 920; baseline 0.002 -22"><span class='ocrx_word' id='word_1_21' title='bbox 217 834 415 917; x_wconf 70' lang='lat' dir='ltr'><strong>surgebant.</strong></span> <span class='ocrx_word' id='word_1_22' title='bbox 452 833 544 912; x_wconf 78' lang='lat' dir='ltr'><strong>Quos</strong></span> <span class='ocrx_word' id='word_1_23' title='bbox 567 835 658 898; x_wconf 90' lang='lat' dir='ltr'>nihil</span> <span class='ocrx_word' id='word_1_24' title='bbox 677 835 816 899; x_wconf 93' lang='lat' dir='ltr'><strong>omnino</strong></span> <span class='ocrx_word' id='word_1_25' title='bbox 840 839 961 899; x_wconf 90' lang='lat' dir='ltr'><strong>contra</strong></span> <span class='ocrx_word' id='word_1_26' title='bbox 984 855 1019 900; x_wconf 91' lang='lat' dir='ltr'><strong>se</strong></span> <span class='ocrx_word' id='word_1_27' title='bbox 1043 857 1184 900; x_wconf 88' lang='lat' dir='ltr'><strong>ausuros</strong></span> <span class='ocrx_word' id='word_1_28' title='bbox 1207 836 1390 920; x_wconf 91' lang='lat' dir='ltr'><strong>putabant,</strong></span> 
     </span>
     <span class='ocr_line' id='line_1_5' title="bbox 216 923 1391 1008; baseline 0.005 -22"><span class='ocrx_word' id='word_1_29' title='bbox 216 923 287 986; x_wconf 90' lang='lat' dir='ltr'><strong>iam</strong></span> <span class='ocrx_word' id='word_1_30' title='bbox 309 923 455 987; x_wconf 84' lang='lat' dir='ltr'><strong>viriliter</strong></span> <span class='ocrx_word' id='word_1_31' title='bbox 484 943 677 1008; x_wconf 91' lang='lat' dir='ltr'><strong>repugnare</strong></span> <span class='ocrx_word' id='word_1_32' title='bbox 705 923 880 987; x_wconf 84' lang='lat' dir='ltr'><strong>videbant.</strong></span> <span class='ocrx_word' id='word_1_33' title='bbox 927 923 1050 988; x_wconf 79' lang='lat' dir='ltr'><strong>Tribus</strong></span> <span class='ocrx_word' id='word_1_34' title='bbox 1080 925 1188 1008; x_wconf 85' lang='lat' dir='ltr'><strong>igitur</strong></span> <span class='ocrx_word' id='word_1_35' title='bbox 1218 926 1391 992; x_wconf 74' lang='lat' dir='ltr'><strong>continuis</strong></span> 
     </span>
     <span class='ocr_line' id='line_1_6' title="bbox 216 1011 1389 1096; baseline 0.003 -22"><span class='ocrx_word' id='word_1_36' title='bbox 216 1011 337 1075; x_wconf 90' lang='lat' dir='ltr'><strong>diebus</strong></span> <span class='ocrx_word' id='word_1_37' title='bbox 372 1033 506 1075; x_wconf 88' lang='lat' dir='ltr'><strong>summa</strong></span> <span class='ocrx_word' id='word_1_38' title='bbox 539 1013 574 1075; x_wconf 85' lang='lat' dir='ltr'><strong>vi</strong></span> <span class='ocrx_word' id='word_1_39' title='bbox 607 1011 798 1096; x_wconf 86' lang='lat' dir='ltr'><strong>praeliatur</strong></span> <span class='ocrx_word' id='word_1_40' title='bbox 831 1012 1021 1094; x_wconf 86' lang='lat' dir='ltr'><strong>utrimque,</strong></span> <span class='ocrx_word' id='word_1_41' title='bbox 1057 1013 1220 1095; x_wconf 91' lang='lat' dir='ltr'><strong>quoniam</strong></span> <span class='ocrx_word' id='word_1_42' title='bbox 1253 1015 1389 1092; x_wconf 90' lang='lat' dir='ltr'><strong>nostris,</strong></span> 
     </span>
     <span class='ocr_line' id='line_1_7' title="bbox 216 1099 1390 1186; baseline 0.004 -25"><span class='ocrx_word' id='word_1_43' title='bbox 216 1101 370 1181; x_wconf 85' lang='lat' dir='ltr'><strong>quamvis</strong></span> <span class='ocrx_word' id='word_1_44' title='bbox 399 1101 492 1164; x_wconf 84' lang='lat' dir='ltr'><strong>fame</strong></span> <span class='ocrx_word' id='word_1_45' title='bbox 523 1104 559 1164; x_wconf 86' lang='lat' dir='ltr'><strong>et</strong></span> <span class='ocrx_word' id='word_1_46' title='bbox 589 1101 647 1164; x_wconf 91' lang='lat' dir='ltr'><strong>siti</strong></span> <span class='ocrx_word' id='word_1_47' title='bbox 677 1099 872 1182; x_wconf 81' lang='lat' dir='ltr'><strong>vigiliisque</strong></span> <span class='ocrx_word' id='word_1_48' title='bbox 901 1100 1151 1178; x_wconf 78' lang='lat' dir='ltr'><strong>laborantibus,</strong></span> <span class='ocrx_word' id='word_1_49' title='bbox 1181 1104 1299 1166; x_wconf 89' lang='lat' dir='ltr'><strong>tamen</strong></span> <span class='ocrx_word' id='word_1_50' title='bbox 1328 1123 1390 1186; x_wconf 93' lang='lat' dir='ltr'><strong>pro</strong></span> 
     </span>
     <span class='ocr_line' id='line_1_8' title="bbox 214 1188 1390 1273; baseline 0.003 -22"><span class='ocrx_word' id='word_1_51' title='bbox 214 1188 287 1251; x_wconf 81' lang='lat' dir='ltr'><strong>vita</strong></span> <span class='ocrx_word' id='word_1_52' title='bbox 312 1192 347 1252; x_wconf 85' lang='grc'><strong>01</strong></span> <span class='ocrx_word' id='word_1_53' title='bbox 370 1189 483 1253; x_wconf 90' lang='lat' dir='ltr'><strong>salute</strong></span> <span class='ocrx_word' id='word_1_54' title='bbox 505 1210 559 1253; x_wconf 92' lang='lat' dir='ltr'><strong>res</strong></span> <span class='ocrx_word' id='word_1_55' title='bbox 584 1192 667 1266; x_wconf 89' lang='lat' dir='ltr'><strong>erat,</strong></span> <span class='ocrx_word' id='word_1_56' title='bbox 693 1190 809 1252; x_wconf 86' lang='lat' dir='ltr'><strong>hostes</strong></span> <span class='ocrx_word' id='word_1_57' title='bbox 824 1208 905 1252; x_wconf 84' lang='lat' dir='ltr'><strong>vero</strong></span> <span class='ocrx_word' id='word_1_58' title='bbox 924 1188 1045 1273; x_wconf 90' lang='lat' dir='ltr'><strong>lupina</strong></span> <span class='ocrx_word' id='word_1_59' title='bbox 1059 1189 1155 1254; x_wconf 93' lang='lat' dir='ltr'><strong>rabie</strong></span> <span class='ocrx_word' id='word_1_60' title='bbox 1171 1190 1390 1268; x_wconf 81' lang='lat' dir='ltr'><strong>frendebant,</strong></span> 
     </span>
     <span class='ocr_line' id='line_1_9' title="bbox 215 1276 1389 1360; baseline 0.003 -21"><span class='ocrx_word' id='word_1_61' title='bbox 215 1277 296 1358; x_wconf 91' lang='lat' dir='ltr'><strong>quia</strong></span> <span class='ocrx_word' id='word_1_62' title='bbox 325 1278 499 1360; x_wconf 87' lang='lat' dir='ltr'><strong>praedam,</strong></span> <span class='ocrx_word' id='word_1_63' title='bbox 530 1298 633 1360; x_wconf 88' lang='lat' dir='ltr'><strong>quam</strong></span> <span class='ocrx_word' id='word_1_64' title='bbox 657 1276 722 1340; x_wconf 92' lang='lat' dir='ltr'><strong>sibi</strong></span> <span class='ocrx_word' id='word_1_65' title='bbox 744 1277 953 1341; x_wconf 84' lang='lat' dir='ltr'><strong>videbantur</strong></span> <span class='ocrx_word' id='word_1_66' title='bbox 975 1278 1067 1342; x_wconf 91' lang='lat' dir='ltr'><strong>inter</strong></span> <span class='ocrx_word' id='word_1_67' title='bbox 1089 1277 1208 1343; x_wconf 80' lang='lat' dir='ltr'><strong>fauces</strong></span> <span class='ocrx_word' id='word_1_68' title='bbox 1231 1279 1389 1356; x_wconf 90' lang='lat' dir='ltr'><strong>retinere,</strong></span> 
     </span>
     <span class='ocr_line' id='line_1_10' title="bbox 214 1364 1391 1449; baseline 0.003 -22"><span class='ocrx_word' id='word_1_69' title='bbox 214 1364 313 1428; x_wconf 90' lang='lat' dir='ltr'><strong>nullo</strong></span> <span class='ocrx_word' id='word_1_70' title='bbox 336 1367 438 1428; x_wconf 93' lang='lat' dir='ltr'><strong>modo</strong></span> <span class='ocrx_word' id='word_1_71' title='bbox 461 1365 753 1448; x_wconf 85' lang='lat' dir='ltr'><strong>permittebantur</strong></span> <span class='ocrx_word' id='word_1_72' title='bbox 775 1365 1012 1448; x_wconf 83' lang='lat' dir='ltr'><strong>transglutire.</strong></span> <span class='ocrx_word' id='word_1_73' title='bbox 1047 1366 1202 1431; x_wconf 79' lang='lat' dir='ltr'><strong>Tandem</strong></span> <span class='ocrx_word' id='word_1_74' title='bbox 1223 1366 1331 1449; x_wconf 85' lang='lat' dir='ltr'><strong>igitur</strong></span> <span class='ocrx_word' id='word_1_75' title='bbox 1353 1367 1391 1430; x_wconf 93' lang='lat' dir='ltr'><strong>in</strong></span> 
     </span>
     <span class='ocr_line' id='line_1_11' title="bbox 214 1453 1507 1537; baseline 0.004 -22"><span class='ocrx_word' id='word_1_76' title='bbox 214 1453 290 1536; x_wconf 90' lang='lat' dir='ltr'><strong>ipsa</strong></span> <span class='ocrx_word' id='word_1_77' title='bbox 321 1453 494 1518; x_wconf 87' lang='lat' dir='ltr'><strong>dominica</strong></span> <span class='ocrx_word' id='word_1_78' title='bbox 523 1454 635 1517; x_wconf 87' lang='lat' dir='ltr'><strong>sancti</strong></span> <span class='ocrx_word' id='word_1_79' title='bbox 665 1473 788 1537; x_wconf 86' lang='lat' dir='ltr'><strong>pascae</strong></span> <span class='ocrx_word' id='word_1_80' title='bbox 818 1455 904 1517; x_wconf 91' lang='lat' dir='ltr'><strong>hora</strong></span> <span class='ocrx_word' id='word_1_81' title='bbox 934 1454 1003 1518; x_wconf 89' lang='lat' dir='ltr'><strong>diei</strong></span> <span class='ocrx_word' id='word_1_82' title='bbox 1033 1455 1130 1537; x_wconf 89' lang='lat' dir='ltr'><strong>quasi</strong></span> <span class='ocrx_word' id='word_1_83' title='bbox 1160 1475 1265 1532; x_wconf 90' lang='lat' dir='ltr'><strong>nona,</strong></span> <span class='ocrx_word' id='word_1_84' title='bbox 1298 1456 1507 1521; x_wconf 58' lang='lat' dir='ltr'><strong>dictamum.</strong></span> 
     </span>
     <span class='ocr_line' id='line_1_12' title="bbox 215 1541 1391 1626; baseline 0.003 -24"><span class='ocrx_word' id='word_1_85' title='bbox 215 1541 307 1605; x_wconf 89' lang='lat' dir='ltr'><strong>inter</strong></span> <span class='ocrx_word' id='word_1_86' title='bbox 331 1561 388 1605; x_wconf 86' lang='lat' dir='ltr'><strong>cos</strong></span> <span class='ocrx_word' id='word_1_87' title='bbox 411 1561 509 1624; x_wconf 92' lang='lat' dir='ltr'><strong>pace,</strong></span> <span class='ocrx_word' id='word_1_88' title='bbox 541 1546 619 1606; x_wconf 90' lang='lat' dir='ltr'><strong>octo</strong></span> <span class='ocrx_word' id='word_1_89' title='bbox 648 1542 820 1625; x_wconf 85' lang='lat' dir='ltr'><strong>principes</strong></span> <span class='ocrx_word' id='word_1_90' title='bbox 850 1562 1063 1626; x_wconf 88' lang='lat' dir='ltr'><strong>paganorum</strong></span> <span class='ocrx_word' id='word_1_91' title='bbox 1092 1543 1248 1625; x_wconf 87' lang='lat' dir='ltr'><strong>permissi</strong></span> <span class='ocrx_word' id='word_1_92' title='bbox 1279 1564 1391 1608; x_wconf 87' lang='lat' dir='ltr'><strong>ascen·</strong></span> 
     </span>
     <span class='ocr_line' id='line_1_13' title="bbox 217 1628 1392 1714; baseline 0.002 -21"><span class='ocrx_word' id='word_1_93' title='bbox 217 1628 305 1693; x_wconf 92' lang='lat' dir='ltr'><strong>dunt</strong></span> <span class='ocrx_word' id='word_1_94' title='bbox 328 1631 365 1693; x_wconf 96' lang='lat' dir='ltr'><strong>in</strong></span> <span class='ocrx_word' id='word_1_95' title='bbox 388 1631 520 1708; x_wconf 89' lang='lat' dir='ltr'><strong>turrim,</strong></span> <span class='ocrx_word' id='word_1_96' title='bbox 549 1631 586 1693; x_wconf 94' lang='lat' dir='ltr'><strong>in</strong></span> <span class='ocrx_word' id='word_1_97' title='bbox 609 1650 677 1713; x_wconf 90' lang='lat' dir='ltr'><strong>qua</strong></span> <span class='ocrx_word' id='word_1_98' title='bbox 701 1633 800 1694; x_wconf 87' lang='lat' dir='ltr'><strong>erant</strong></span> <span class='ocrx_word' id='word_1_99' title='bbox 823 1631 983 1714; x_wconf 87' lang='lat' dir='ltr'><strong>episcopi,</strong></span> <span class='ocrx_word' id='word_1_100' title='bbox 1007 1630 1104 1694; x_wconf 84' lang='lat' dir='ltr'><strong>velut</strong></span> <span class='ocrx_word' id='word_1_101' title='bbox 1127 1631 1256 1696; x_wconf 86' lang='lat' dir='ltr'><strong>ibidem</strong></span> <span class='ocrx_word' id='word_1_102' title='bbox 1280 1633 1392 1714; x_wconf 87' lang='lat' dir='ltr'><strong>cogni-</strong></span> 
     </span>
     <span class='ocr_line' id='line_1_14' title="bbox 215 1718 1391 1802; baseline 0.003 -22"><span class='ocrx_word' id='word_1_103' title='bbox 215 1718 296 1796; x_wconf 91' lang='lat' dir='ltr'><strong>turi,</strong></span> <span class='ocrx_word' id='word_1_104' title='bbox 328 1721 458 1801; x_wconf 90' lang='lat' dir='ltr'><strong>quanto</strong></span> <span class='ocrx_word' id='word_1_105' title='bbox 488 1719 714 1802; x_wconf 86' lang='lat' dir='ltr'><strong>pecuniarum</strong></span> <span class='ocrx_word' id='word_1_106' title='bbox 742 1720 894 1802; x_wconf 93' lang='lat' dir='ltr'><strong>pondere</strong></span> <span class='ocrx_word' id='word_1_107' title='bbox 917 1720 1025 1784; x_wconf 83' lang='lat' dir='ltr'><strong>vitam</strong></span> <span class='ocrx_word' id='word_1_108' title='bbox 1048 1740 1143 1783; x_wconf 89' lang='lat' dir='ltr'><strong>suam</strong></span> <span class='ocrx_word' id='word_1_109' title='bbox 1176 1740 1216 1783; x_wconf 87' lang='lat' dir='ltr'><strong>ac</strong></span> <span class='ocrx_word' id='word_1_110' title='bbox 1239 1719 1391 1785; x_wconf 89' lang='lat' dir='ltr'><strong>abeundi</strong></span> 
     </span>
     <span class='ocr_line' id='line_1_15' title="bbox 215 1804 1391 1891; baseline 0.003 -23"><span class='ocrx_word' id='word_1_111' title='bbox 215 1804 394 1870; x_wconf 88' lang='lat' dir='ltr'><strong>licentiam</strong></span> <span class='ocrx_word' id='word_1_112' title='bbox 413 1807 545 1872; x_wconf 85' lang='lat' dir='ltr'><strong>vellent</strong></span> <span class='ocrx_word' id='word_1_113' title='bbox 567 1807 745 1872; x_wconf 90' lang='lat' dir='ltr'><strong>redimere.</strong></span> <span class='ocrx_word' id='word_1_114' title='bbox 793 1807 861 1871; x_wconf 76' lang='lat' dir='ltr'><strong>Sed</strong></span> <span class='ocrx_word' id='word_1_115' title='bbox 883 1828 963 1871; x_wconf 88' lang='lat' dir='ltr'><strong>mox</strong></span> <span class='ocrx_word' id='word_1_116' title='bbox 985 1811 1026 1870; x_wconf 90' lang='lat' dir='ltr'><strong>ut</strong></span> <span class='ocrx_word' id='word_1_117' title='bbox 1049 1809 1243 1885; x_wconf 86' lang='lat' dir='ltr'><strong>ascendere,</strong></span> <span class='ocrx_word' id='word_1_118' title='bbox 1268 1809 1306 1886; x_wconf 91' lang='lat' dir='ltr'><strong>is,</strong></span> <span class='ocrx_word' id='word_1_119' title='bbox 1331 1809 1391 1891; x_wconf 92' lang='lat' dir='ltr'><strong>qui</strong></span> 
     </span>
     <span class='ocr_line' id='line_1_16' title="bbox 214 1895 1505 1980; baseline 0.005 -23"><span class='ocrx_word' id='word_1_120' title='bbox 214 1895 383 1958; x_wconf 87' lang='lat' dir='ltr'><strong>maximus</strong></span> <span class='ocrx_word' id='word_1_121' title='bbox 413 1895 505 1959; x_wconf 89' lang='lat' dir='ltr'><strong>inter</strong></span> <span class='ocrx_word' id='word_1_122' title='bbox 533 1916 590 1960; x_wconf 87' lang='lat' dir='ltr'><strong>eos</strong></span> <span class='ocrx_word' id='word_1_123' title='bbox 612 1896 797 1960; x_wconf 85' lang='lat' dir='ltr'><strong>ridebatur</strong></span> <span class='ocrx_word' id='word_1_124' title='bbox 824 1916 907 1973; x_wconf 85' lang='lat' dir='ltr'><strong>esse,</strong></span> <span class='ocrx_word' id='word_1_125' title='bbox 940 1898 984 1960; x_wconf 89' lang='lat' dir='ltr'><strong>ad</strong></span> <span class='ocrx_word' id='word_1_126' title='bbox 1013 1896 1212 1980; x_wconf 87' lang='lat' dir='ltr'><strong>pontificem</strong></span> <span class='ocrx_word' id='word_1_127' title='bbox 1236 1895 1391 1961; x_wconf 71' lang='grc'>(111111110-</span> <span class='ocrx_word' id='word_1_128' title='bbox 1497 1946 1505 1963; x_wconf 94' lang='grc'>.</span> 
     </span>
     <span class='ocr_line' id='line_1_17' title="bbox 213 1982 1388 2068; baseline 0.002 -22"><span class='ocrx_word' id='word_1_129' title='bbox 213 1982 314 2061; x_wconf 87' lang='lat' dir='ltr'><strong>rium,</strong></span> <span class='ocrx_word' id='word_1_130' title='bbox 340 2004 441 2066; x_wconf 90' lang='lat' dir='ltr'><strong>quem</strong></span> <span class='ocrx_word' id='word_1_131' title='bbox 463 1985 653 2068; x_wconf 90' lang='lat' dir='ltr'><strong>principem</strong></span> <span class='ocrx_word' id='word_1_132' title='bbox 669 1985 822 2048; x_wconf 91' lang='lat' dir='ltr'><strong>omnium</strong></span> <span class='ocrx_word' id='word_1_133' title='bbox 844 1985 1001 2068; x_wconf 86' lang='lat' dir='ltr'><strong>putabat,</strong></span> <span class='ocrx_word' id='word_1_134' title='bbox 1028 1985 1181 2062; x_wconf 89' lang='lat' dir='ltr'><strong>accessit,</strong></span> <span class='ocrx_word' id='word_1_135' title='bbox 1205 1985 1388 2064; x_wconf 87' lang='lat' dir='ltr'><strong>lintheum,</strong></span> 
     </span>
     <span class='ocr_line' id='line_1_18' title="bbox 215 2072 1390 2158; baseline 0.003 -24"><span class='ocrx_word' id='word_1_136' title='bbox 215 2091 282 2153; x_wconf 92' lang='lat' dir='ltr'><strong>quo</strong></span> <span class='ocrx_word' id='word_1_137' title='bbox 312 2077 417 2156; x_wconf 87' lang='lat' dir='ltr'><strong>caput</strong></span> <span class='ocrx_word' id='word_1_138' title='bbox 447 2093 547 2136; x_wconf 90' lang='lat' dir='ltr'><strong>suum</strong></span> <span class='ocrx_word' id='word_1_139' title='bbox 574 2073 769 2136; x_wconf 87' lang='lat' dir='ltr'><strong>involutum</strong></span> <span class='ocrx_word' id='word_1_140' title='bbox 801 2076 891 2149; x_wconf 89' lang='lat' dir='ltr'><strong>erat,</strong></span> <span class='ocrx_word' id='word_1_141' title='bbox 923 2073 1087 2151; x_wconf 86' lang='lat' dir='ltr'><strong>absolvit,</strong></span> <span class='ocrx_word' id='word_1_142' title='bbox 1119 2072 1208 2137; x_wconf 91' lang='grc'>00110</span> <span class='ocrx_word' id='word_1_143' title='bbox 1239 2075 1390 2158; x_wconf 88' lang='lat' dir='ltr'><strong>episcopi</strong></span> 
     </span>
     <span class='ocr_line' id='line_1_19' title="bbox 214 2159 1463 2246; baseline 0.005 -23"><span class='ocrx_word' id='word_1_144' title='bbox 214 2161 367 2224; x_wconf 89' lang='lat' dir='ltr'><strong>sedentis</strong></span> <span class='ocrx_word' id='word_1_145' title='bbox 384 2160 661 2245; x_wconf 73' lang='lat' dir='ltr'><strong>circumposuitl:</strong></span> <span class='ocrx_word' id='word_1_146' title='bbox 681 2159 800 2237; x_wconf 72' lang='lat' dir='ltr'><strong>‘Ecce&#39;,</strong></span> <span class='ocrx_word' id='word_1_147' title='bbox 817 2162 985 2243; x_wconf 89' lang='lat' dir='ltr'><strong>inquiens,</strong></span> <span class='ocrx_word' id='word_1_148' title='bbox 1005 2161 1049 2224; x_wconf 75' lang='lat' dir='ltr'><strong>‘te</strong></span> <span class='ocrx_word' id='word_1_149' title='bbox 1065 2161 1138 2225; x_wconf 90' lang='lat' dir='ltr'><strong>solo</strong></span> <span class='ocrx_word' id='word_1_150' title='bbox 1155 2165 1255 2246; x_wconf 91' lang='lat' dir='ltr'><strong>capto</strong></span> <span class='ocrx_word' id='word_1_151' title='bbox 1272 2182 1463 2229; x_wconf 77' lang='lat' dir='ltr'><strong>omnesres‘.</strong></span> 
     </span>
     <span class='ocr_line' id='line_1_20' title="bbox 215 2248 1390 2333; baseline 0.003 -23"><span class='ocrx_word' id='word_1_152' title='bbox 215 2249 278 2312; x_wconf 88' lang='lat' dir='ltr'><strong>hos</strong></span> <span class='ocrx_word' id='word_1_153' title='bbox 301 2250 339 2311; x_wconf 93' lang='lat' dir='ltr'><strong>in</strong></span> <span class='ocrx_word' id='word_1_154' title='bbox 361 2269 438 2313; x_wconf 87' lang='lat' dir='ltr'><strong>mea</strong></span> <span class='ocrx_word' id='word_1_155' title='bbox 460 2253 633 2333; x_wconf 87' lang='lat' dir='ltr'><strong>potestate</strong></span> <span class='ocrx_word' id='word_1_156' title='bbox 656 2248 768 2313; x_wconf 91' lang='lat' dir='ltr'><strong>habeo</strong></span> <span class='ocrx_word' id='word_1_157' title='bbox 787 2251 823 2313; x_wconf 89' lang='lat' dir='ltr'><strong>et</strong></span> <span class='ocrx_word' id='word_1_158' title='bbox 838 2249 909 2312; x_wconf 90' lang='lat' dir='ltr'><strong>iam</strong></span> <span class='ocrx_word' id='word_1_159' title='bbox 923 2250 1059 2332; x_wconf 86' lang='lat' dir='ltr'><strong>iamque</strong></span> <span class='ocrx_word' id='word_1_160' title='bbox 1074 2253 1192 2313; x_wconf 85' lang='lat' dir='ltr'><strong>tecum</strong></span> <span class='ocrx_word' id='word_1_161' title='bbox 1206 2252 1337 2333; x_wconf 85' lang='lat' dir='ltr'><strong>pariter</strong></span> <span class='ocrx_word' id='word_1_162' title='bbox 1352 2253 1390 2314; x_wconf 91' lang='lat' dir='ltr'><strong>in</strong></span> 
     </span>
     <span class='ocr_line' id='line_1_21' title="bbox 216 2336 1389 2421; baseline 0.003 -22"><span class='ocrx_word' id='word_1_163' title='bbox 216 2336 337 2400; x_wconf 91' lang='lat' dir='ltr'><strong>arbore</strong></span> <span class='ocrx_word' id='word_1_164' title='bbox 353 2339 568 2421; x_wconf 90' lang='lat' dir='ltr'><strong>suspendam,</strong></span> <span class='ocrx_word' id='word_1_165' title='bbox 587 2340 870 2420; x_wconf 85' lang='lat' dir='ltr'><strong>quantoscunque</strong></span> <span class='ocrx_word' id='word_1_166' title='bbox 886 2356 927 2400; x_wconf 86' lang='lat' dir='ltr'><strong>ex</strong></span> <span class='ocrx_word' id='word_1_167' title='bbox 938 2337 1034 2401; x_wconf 84' lang='lat' dir='ltr'><strong>vobis</strong></span> <span class='ocrx_word' id='word_1_168' title='bbox 1046 2336 1208 2401; x_wconf 84' lang='lat' dir='ltr'><strong>voluero&#39;.</strong></span> <span class='ocrx_word' id='word_1_169' title='bbox 1236 2337 1314 2415; x_wconf 90' lang='lat' dir='ltr'><strong>Hic,</strong></span> <span class='ocrx_word' id='word_1_170' title='bbox 1332 2340 1389 2402; x_wconf 90' lang='lat' dir='ltr'><strong>hio</strong></span> 
     </span>
     <span class='ocr_line' id='line_1_22' title="bbox 216 2425 1537 2509; baseline -0.001 -21"><span class='ocrx_word' id='word_1_171' title='bbox 216 2427 357 2506; x_wconf 84' lang='lat' dir='ltr'><strong>agnosci</strong></span> <span class='ocrx_word' id='word_1_172' title='bbox 379 2426 504 2509; x_wconf 90' lang='lat' dir='ltr'><strong>potuit,</strong></span> <span class='ocrx_word' id='word_1_173' title='bbox 528 2426 610 2508; x_wconf 90' lang='lat' dir='ltr'><strong>quia</strong></span> <span class='ocrx_word' id='word_1_174' title='bbox 632 2427 743 2489; x_wconf 87' lang='lat' dir='ltr'><strong>iustus</strong></span> <span class='ocrx_word' id='word_1_175' title='bbox 767 2429 807 2488; x_wconf 90' lang='lat' dir='ltr'><strong>ut</strong></span> <span class='ocrx_word' id='word_1_176' title='bbox 830 2426 884 2488; x_wconf 93' lang='lat' dir='ltr'><strong>leo</strong></span> <span class='ocrx_word' id='word_1_177' title='bbox 904 2425 1056 2488; x_wconf 88' lang='lat' dir='ltr'><strong>confidit.</strong></span> <span class='ocrx_word' id='word_1_178' title='bbox 1102 2425 1193 2488; x_wconf 88' lang='lat' dir='ltr'><strong>Nam</strong></span> <span class='ocrx_word' id='word_1_179' title='bbox 1209 2446 1287 2489; x_wconf 91' lang='lat' dir='ltr'><strong>cum</strong></span> <span class='ocrx_word' id='word_1_180' title='bbox 1303 2427 1389 2492; x_wconf 89' lang='lat' dir='ltr'><strong>haec</strong></span> <span class='ocrx_word' id='word_1_181' title='bbox 1399 2449 1507 2498; x_wconf 55' lang='lat' dir='ltr'><strong>Prosae,</strong></span> <span class='ocrx_word' id='word_1_182' title='bbox 1517 2450 1537 2494; x_wconf 83' lang='lat'><strong>1.</strong></span> 
     </span>
     <span class='ocr_line' id='line_1_23' title="bbox 216 2513 1389 2598; baseline 0.004 -23"><span class='ocrx_word' id='word_1_183' title='bbox 216 2513 311 2576; x_wconf 90' lang='lat' dir='ltr'><strong>illius</strong></span> <span class='ocrx_word' id='word_1_184' title='bbox 334 2513 430 2577; x_wconf 85' lang='lat' dir='ltr'><strong>facta</strong></span> <span class='ocrx_word' id='word_1_185' title='bbox 453 2517 488 2578; x_wconf 89' lang='lat' dir='ltr'><strong>et</strong></span> <span class='ocrx_word' id='word_1_186' title='bbox 512 2515 606 2577; x_wconf 87' lang='lat' dir='ltr'><strong>dicta</strong></span> <span class='ocrx_word' id='word_1_187' title='bbox 628 2534 690 2598; x_wconf 89' lang='lat' dir='ltr'><strong>per</strong></span> <span class='ocrx_word' id='word_1_188' title='bbox 711 2515 937 2598; x_wconf 88' lang='lat' dir='ltr'><strong>interpretem</strong></span> <span class='ocrx_word' id='word_1_189' title='bbox 953 2515 1157 2596; x_wconf 85' lang='lat' dir='ltr'><strong>agnovisset,</strong></span> <span class='ocrx_word' id='word_1_190' title='bbox 1182 2514 1389 2580; x_wconf 85' lang='lat' dir='ltr'><strong>venerabilis</strong></span> 
     </span>
     <span class='ocr_line' id='line_1_24' title="bbox 215 2601 1389 2686; baseline 0.003 -22"><span class='ocrx_word' id='word_1_191' title='bbox 215 2601 268 2664; x_wconf 86' lang='lat' dir='ltr'><strong>vir</strong></span> <span class='ocrx_word' id='word_1_192' title='bbox 290 2602 351 2666; x_wconf 89' lang='lat' dir='ltr'><strong>ille</strong></span> <span class='ocrx_word' id='word_1_193' title='bbox 373 2623 591 2686; x_wconf 88' lang='lat' dir='ltr'><strong>nequaquam</strong></span> <span class='ocrx_word' id='word_1_194' title='bbox 613 2603 755 2666; x_wconf 83' lang='lat' dir='ltr'><strong>territus</strong></span> <span class='ocrx_word' id='word_1_195' title='bbox 779 2605 831 2667; x_wconf 89' lang='lat' dir='ltr'><strong>est</strong></span> <span class='ocrx_word' id='word_1_196' title='bbox 855 2622 896 2666; x_wconf 86' lang='lat' dir='ltr'><strong>ex</strong></span> <span class='ocrx_word' id='word_1_197' title='bbox 918 2603 1099 2666; x_wconf 89' lang='lat' dir='ltr'><strong>innumera</strong></span> <span class='ocrx_word' id='word_1_198' title='bbox 1122 2607 1158 2666; x_wconf 90' lang='lat' dir='ltr'><strong>et</strong></span> <span class='ocrx_word' id='word_1_199' title='bbox 1182 2601 1389 2667; x_wconf 68' lang='lat' dir='ltr'><strong>circumfusa</strong></span> 
     </span>
     <span class='ocr_line' id='line_1_25' title="bbox 216 2691 1388 2774; baseline 0.003 -21"><span class='ocrx_word' id='word_1_200' title='bbox 216 2691 369 2754; x_wconf 89' lang='lat' dir='ltr'><strong>hostium</strong></span> <span class='ocrx_word' id='word_1_201' title='bbox 391 2691 626 2768; x_wconf 86' lang='lat' dir='ltr'><strong>multitudine,</strong></span> <span class='ocrx_word' id='word_1_202' title='bbox 651 2692 712 2755; x_wconf 90' lang='lat' dir='ltr'><strong>sed</strong></span> <span class='ocrx_word' id='word_1_203' title='bbox 734 2691 892 2774; x_wconf 89' lang='lat' dir='ltr'><strong>protinus</strong></span> <span class='ocrx_word' id='word_1_204' title='bbox 917 2691 1058 2755; x_wconf 87' lang='lat' dir='ltr'><strong>exiliens</strong></span> <span class='ocrx_word' id='word_1_205' title='bbox 1082 2712 1151 2754; x_wconf 92' lang='lat' dir='ltr'><strong>uno</strong></span> <span class='ocrx_word' id='word_1_206' title='bbox 1175 2691 1248 2754; x_wconf 88' lang='lat' dir='ltr'><strong>ictu</strong></span> <span class='ocrx_word' id='word_1_207' title='bbox 1266 2711 1388 2756; x_wconf 86' lang='lat' dir='ltr'><strong>manus</strong></span> 
     </span>
     <span class='ocr_line' id='line_1_26' title="bbox 215 2779 1388 2863; baseline 0.002 -21"><span class='ocrx_word' id='word_1_208' title='bbox 215 2799 297 2843; x_wconf 87' lang='lat' dir='ltr'><strong>suae</strong></span> <span class='ocrx_word' id='word_1_209' title='bbox 321 2799 495 2863; x_wconf 89' lang='lat' dir='ltr'><strong>paganum</strong></span> <span class='ocrx_word' id='word_1_210' title='bbox 519 2781 564 2843; x_wconf 90' lang='lat' dir='ltr'><strong>ad</strong></span> <span class='ocrx_word' id='word_1_211' title='bbox 586 2782 715 2844; x_wconf 89' lang='lat' dir='ltr'><strong>terram</strong></span> <span class='ocrx_word' id='word_1_212' title='bbox 734 2779 880 2844; x_wconf 71' lang='lat' dir='ltr'><strong>deiecita</strong></span> <span class='ocrx_word' id='word_1_213' title='bbox 901 2779 1097 2862; x_wconf 89' lang='lat' dir='ltr'><strong>collumque</strong></span> <span class='ocrx_word' id='word_1_214' title='bbox 1121 2781 1193 2844; x_wconf 90' lang='lat' dir='ltr'><strong>eius</strong></span> <span class='ocrx_word' id='word_1_215' title='bbox 1216 2781 1303 2863; x_wconf 89' lang='lat' dir='ltr'><strong>pede</strong></span> <span class='ocrx_word' id='word_1_216' title='bbox 1326 2800 1388 2844; x_wconf 90' lang='lat' dir='ltr'><strong>suo</strong></span> 
     </span>
     <span class='ocr_line' id='line_1_27' title="bbox 215 2867 1388 2950; baseline 0.002 -20"><span class='ocrx_word' id='word_1_217' title='bbox 215 2869 352 2950; x_wconf 88' lang='lat' dir='ltr'><strong>pressit:</strong></span> <span class='ocrx_word' id='word_1_218' title='bbox 380 2867 473 2946; x_wconf 76' lang='lat' dir='ltr'><strong>‘Eia’,</strong></span> <span class='ocrx_word' id='word_1_219' title='bbox 497 2869 666 2950; x_wconf 87' lang='lat' dir='ltr'><strong>inquiens,</strong></span> <span class='ocrx_word' id='word_1_220' title='bbox 693 2867 778 2945; x_wconf 79' lang='grc' dir='ltr'><strong>ι11101,</strong></span> <span class='ocrx_word' id='word_1_221' title='bbox 804 2869 982 2950; x_wconf 86' lang='lat' dir='ltr'><strong>insurgite,</strong></span> <span class='ocrx_word' id='word_1_222' title='bbox 1000 2888 1185 2950; x_wconf 89' lang='lat' dir='ltr'><strong>omnesque</strong></span> <span class='ocrx_word' id='word_1_223' title='bbox 1201 2869 1285 2932; x_wconf 85' lang='lat' dir='ltr'><strong>istos</strong></span> <span class='ocrx_word' id='word_1_224' title='bbox 1302 2889 1388 2932; x_wconf 87' lang='lat' dir='ltr'><strong>oom-</strong></span> 
     </span>
     <span class='ocr_line' id='line_1_28' title="bbox 215 2955 1389 3039; baseline 0.003 -22"><span class='ocrx_word' id='word_1_225' title='bbox 215 2956 401 3038; x_wconf 88' lang='lat' dir='ltr'><strong>prehensos</strong></span> <span class='ocrx_word' id='word_1_226' title='bbox 416 2955 564 3019; x_wconf 86' lang='lat' dir='ltr'><strong>vinculis</strong></span> <span class='ocrx_word' id='word_1_227' title='bbox 579 2956 718 3019; x_wconf 82' lang='lat' dir='ltr'><strong>fortiter</strong></span> <span class='ocrx_word' id='word_1_228' title='bbox 734 2956 970 3038; x_wconf 86' lang='lat' dir='ltr'><strong>constringite,</strong></span> <span class='ocrx_word' id='word_1_229' title='bbox 991 2956 1139 3039; x_wconf 84' lang='lat' dir='ltr'><strong>telisque</strong></span> <span class='ocrx_word' id='word_1_230' title='bbox 1155 2977 1303 3034; x_wconf 90' lang='lat' dir='ltr'><strong>suorum,</strong></span> <span class='ocrx_word' id='word_1_231' title='bbox 1328 2957 1389 3039; x_wconf 91' lang='lat' dir='ltr'><strong>qui</strong></span> 
     </span>
     <span class='ocr_line' id='line_1_29' title="bbox 216 3043 1388 3127; baseline 0.004 -22"><span class='ocrx_word' id='word_1_232' title='bbox 216 3063 278 3106; x_wconf 88' lang='lat' dir='ltr'><strong>nos</strong></span> <span class='ocrx_word' id='word_1_233' title='bbox 294 3043 509 3126; x_wconf 85' lang='lat' dir='ltr'><strong>impugnant,</strong></span> <span class='ocrx_word' id='word_1_234' title='bbox 526 3045 637 3107; x_wconf 93' lang='lat' dir='ltr'><strong>nudos</strong></span> <span class='ocrx_word' id='word_1_235' title='bbox 653 3044 837 3127; x_wconf 88' lang='lat' dir='ltr'><strong>opponite’.</strong></span> <span class='ocrx_word' id='word_1_236' title='bbox 870 3043 903 3106; x_wconf 91' lang='lat' dir='ltr'>N</span> <span class='ocrx_word' id='word_1_237' title='bbox 906 3064 944 3108; x_wconf 88' lang='lat' dir='ltr'><strong>ec</strong></span> <span class='ocrx_word' id='word_1_238' title='bbox 959 3065 1064 3122; x_wconf 90' lang='lat' dir='ltr'><strong>mora,</strong></span> <span class='ocrx_word' id='word_1_239' title='bbox 1082 3044 1185 3108; x_wconf 91' lang='lat' dir='ltr'><strong>simul</strong></span> <span class='ocrx_word' id='word_1_240' title='bbox 1201 3065 1279 3109; x_wconf 92' lang='lat' dir='ltr'><strong>cum</strong></span> <span class='ocrx_word' id='word_1_241' title='bbox 1295 3045 1388 3110; x_wconf 87' lang='lat' dir='ltr'><strong>dicto</strong></span> 
     </span>
     <span class='ocr_line' id='line_1_30' title="bbox 215 3130 1389 3217; baseline 0.003 -24"><span class='ocrx_word' id='word_1_242' title='bbox 215 3130 427 3208; x_wconf 80' lang='lat' dir='ltr'><strong>factumest,</strong></span> <span class='ocrx_word' id='word_1_243' title='bbox 451 3133 544 3214; x_wconf 93' lang='lat' dir='ltr'><strong>quod</strong></span> <span class='ocrx_word' id='word_1_244' title='bbox 566 3132 675 3209; x_wconf 89' lang='lat' dir='ltr'><strong>iussit,</strong></span> <span class='ocrx_word' id='word_1_245' title='bbox 701 3135 737 3196; x_wconf 87' lang='lat' dir='ltr'><strong>et</strong></span> <span class='ocrx_word' id='word_1_246' title='bbox 757 3133 822 3195; x_wconf 90' lang='lat' dir='ltr'><strong>hoo</strong></span> <span class='ocrx_word' id='word_1_247' title='bbox 837 3133 939 3196; x_wconf 94' lang='lat' dir='ltr'><strong>modo</strong></span> <span class='ocrx_word' id='word_1_248' title='bbox 955 3133 1104 3216; x_wconf 87' lang='lat' dir='ltr'><strong>impetus</strong></span> <span class='ocrx_word' id='word_1_249' title='bbox 1119 3133 1389 3217; x_wconf 86' lang='lat' dir='ltr'><strong>inpugnantium</strong></span> 
     </span>
     <span class='ocr_line' id='line_1_31' title="bbox 215 3219 1389 3304; baseline 0.003 -21"><span class='ocrx_word' id='word_1_250' title='bbox 215 3239 430 3303; x_wconf 87' lang='lat' dir='ltr'><strong>paganorum</strong></span> <span class='ocrx_word' id='word_1_251' title='bbox 452 3219 514 3283; x_wconf 93' lang='lat' dir='ltr'><strong>illo</strong></span> <span class='ocrx_word' id='word_1_252' title='bbox 537 3220 592 3284; x_wconf 89' lang='lat' dir='ltr'><strong>die</strong></span> <span class='ocrx_word' id='word_1_253' title='bbox 609 3220 749 3303; x_wconf 86' lang='lat' dir='ltr'><strong>quievit.</strong></span> <span class='ocrx_word' id='word_1_254' title='bbox 785 3220 950 3303; x_wconf 76' lang='lat' dir='ltr'><strong>Sequenti</strong></span> <span class='ocrx_word' id='word_1_255' title='bbox 973 3222 1080 3303; x_wconf 90' lang='lat' dir='ltr'><strong>igitur</strong></span> <span class='ocrx_word' id='word_1_256' title='bbox 1104 3222 1159 3286; x_wconf 91' lang='lat' dir='ltr'><strong>die</strong></span> <span class='ocrx_word' id='word_1_257' title='bbox 1183 3223 1268 3286; x_wconf 90' lang='lat' dir='ltr'><strong>hora</strong></span> <span class='ocrx_word' id='word_1_258' title='bbox 1291 3223 1389 3304; x_wconf 90' lang='lat' dir='ltr'><strong>quasi</strong></span> 
     </span>
     <span class='ocr_line' id='line_1_32' title="bbox 216 3307 1388 3393; baseline 0.003 -22"><span class='ocrx_word' id='word_1_259' title='bbox 216 3329 308 3371; x_wconf 89' lang='lat' dir='ltr'><strong>nona</strong></span> <span class='ocrx_word' id='word_1_260' title='bbox 342 3309 412 3371; x_wconf 84' lang='lat' dir='ltr'><strong>dux</strong></span> <span class='ocrx_word' id='word_1_261' title='bbox 445 3309 535 3390; x_wconf 88' lang='lat' dir='ltr'><strong>regis</strong></span> <span class='ocrx_word' id='word_1_262' title='bbox 568 3307 854 3392; x_wconf 86' lang='lat' dir='ltr'><strong>Babyloniorum,</strong></span> <span class='ocrx_word' id='word_1_263' title='bbox 891 3309 951 3392; x_wconf 95' lang='lat' dir='ltr'><strong>qui</strong></span> <span class='ocrx_word' id='word_1_264' title='bbox 983 3314 1142 3393; x_wconf 90' lang='lat' dir='ltr'><strong>praeerat</strong></span> <span class='ocrx_word' id='word_1_265' title='bbox 1176 3311 1213 3374; x_wconf 90' lang='lat' dir='ltr'><strong>in</strong></span> <span class='ocrx_word' id='word_1_266' title='bbox 1248 3310 1388 3374; x_wconf 84' lang='lat' dir='ltr'><strong>civitate</strong></span> 
     </span>
     <span class='ocr_line' id='line_1_33' title="bbox 214 3396 1390 3482; baseline 0.003 -23"><span class='ocrx_word' id='word_1_267' title='bbox 214 3396 364 3460; x_wconf 85' lang='lat' dir='ltr'><strong>Ramula</strong></span> <span class='ocrx_word' id='word_1_268' title='bbox 373 3397 394 3474; x_wconf 85' lang='lat'><strong>²,</strong></span> <span class='ocrx_word' id='word_1_269' title='bbox 420 3397 547 3460; x_wconf 89' lang='lat' dir='ltr'><strong>auditis</strong></span> <span class='ocrx_word' id='word_1_270' title='bbox 570 3397 634 3473; x_wconf 87' lang='lat' dir='ltr'><strong>his,</strong></span> <span class='ocrx_word' id='word_1_271' title='bbox 659 3417 747 3480; x_wconf 89' lang='lat' dir='ltr'><strong>quae</strong></span> <span class='ocrx_word' id='word_1_272' title='bbox 762 3397 902 3476; x_wconf 90' lang='lat' dir='ltr'><strong>fiebant,</strong></span> <span class='ocrx_word' id='word_1_273' title='bbox 927 3399 1081 3480; x_wconf 85' lang='lat' dir='ltr'><strong>quamvis</strong></span> <span class='ocrx_word' id='word_1_274' title='bbox 1096 3398 1246 3482; x_wconf 85' lang='lat' dir='ltr'><strong>gentilis,</strong></span> <span class='ocrx_word' id='word_1_275' title='bbox 1270 3401 1390 3462; x_wconf 90' lang='lat' dir='ltr'><strong>tamen</strong></span> 
     </span>
    </p>

    <p class='ocr_par' dir='ltr' id='par_1_3' title="bbox 216 3485 1389 3924">
     <span class='ocr_line' id='line_1_34' title="bbox 217 3485 1388 3569; baseline 0 -20"><span class='ocrx_word' id='word_1_276' title='bbox 217 3486 261 3549; x_wconf 89' lang='lat' dir='ltr'><strong>ad</strong></span> <span class='ocrx_word' id='word_1_277' title='bbox 290 3485 508 3550; x_wconf 88' lang='lat' dir='ltr'><strong>liberandum</strong></span> <span class='ocrx_word' id='word_1_278' title='bbox 535 3488 670 3550; x_wconf 91' lang='lat' dir='ltr'><strong>nostros</strong></span> <span class='ocrx_word' id='word_1_279' title='bbox 700 3506 779 3550; x_wconf 91' lang='lat' dir='ltr'><strong>cum</strong></span> <span class='ocrx_word' id='word_1_280' title='bbox 807 3506 935 3569; x_wconf 87' lang='lat' dir='ltr'><strong>magna</strong></span> <span class='ocrx_word' id='word_1_281' title='bbox 963 3486 1188 3552; x_wconf 90' lang='lat' dir='ltr'><strong>multitudine</strong></span> <span class='ocrx_word' id='word_1_282' title='bbox 1216 3485 1388 3550; x_wconf 85' lang='lat' dir='ltr'><strong>veniebat.</strong></span> 
     </span>
     <span class='ocr_line' id='line_1_35' title="bbox 218 3572 1389 3658; baseline 0.001 -21"><span class='ocrx_word' id='word_1_283' title='bbox 218 3572 403 3655; x_wconf 76' lang='lat' dir='ltr'><strong>Cogitabat</strong></span> <span class='ocrx_word' id='word_1_284' title='bbox 426 3574 527 3652; x_wconf 91' lang='lat' dir='ltr'><strong>enim,</strong></span> <span class='ocrx_word' id='word_1_285' title='bbox 557 3574 586 3637; x_wconf 90' lang='lat' dir='ltr'><strong>si</strong></span> <span class='ocrx_word' id='word_1_286' title='bbox 608 3574 668 3638; x_wconf 90' lang='lat' dir='ltr'><strong>isti</strong></span> <span class='ocrx_word' id='word_1_287' title='bbox 690 3575 843 3658; x_wconf 90' lang='lat' dir='ltr'><strong>perirent</strong></span> <span class='ocrx_word' id='word_1_288' title='bbox 864 3579 939 3638; x_wconf 90' lang='lat' dir='ltr'><strong>tam</strong></span> <span class='ocrx_word' id='word_1_289' title='bbox 961 3574 1148 3638; x_wconf 90' lang='lat' dir='ltr'><strong>miserabili</strong></span> <span class='ocrx_word' id='word_1_290' title='bbox 1172 3575 1285 3652; x_wconf 88' lang='lat' dir='ltr'><strong>caede,</strong></span> <span class='ocrx_word' id='word_1_291' title='bbox 1313 3574 1389 3638; x_wconf 89' lang='lat' dir='ltr'><strong>nul·</strong></span> 
     </span>
     <span class='ocr_line' id='line_1_36' title="bbox 216 3660 1389 3746; baseline 0.005 -24"><span class='ocrx_word' id='word_1_292' title='bbox 216 3660 290 3723; x_wconf 93' lang='lat' dir='ltr'><strong>lum</strong></span> <span class='ocrx_word' id='word_1_293' title='bbox 319 3663 463 3744; x_wconf 87' lang='lat' dir='ltr'><strong>posthac</strong></span> <span class='ocrx_word' id='word_1_294' title='bbox 494 3682 597 3726; x_wconf 89' lang='lat' dir='ltr'><strong>causa</strong></span> <span class='ocrx_word' id='word_1_295' title='bbox 626 3663 791 3727; x_wconf 90' lang='lat' dir='ltr'><strong>orationis</strong></span> <span class='ocrx_word' id='word_1_296' title='bbox 821 3683 882 3746; x_wconf 91' lang='lat' dir='ltr'><strong>per</strong></span> <span class='ocrx_word' id='word_1_297' title='bbox 911 3662 1009 3726; x_wconf 88' lang='lat' dir='ltr'><strong>illam</strong></span> <span class='ocrx_word' id='word_1_298' title='bbox 1037 3666 1166 3728; x_wconf 86' lang='lat' dir='ltr'><strong>terram</strong></span> <span class='ocrx_word' id='word_1_299' title='bbox 1194 3663 1321 3740; x_wconf 84' lang='lat' dir='ltr'><strong>venire,</strong></span> <span class='ocrx_word' id='word_1_300' title='bbox 1353 3667 1389 3728; x_wconf 90' lang='lat' dir='ltr'><strong>et</strong></span> 
     </span>
     <span class='ocr_line' id='line_1_37' title="bbox 217 3748 1389 3834; baseline 0.003 -21"><span class='ocrx_word' id='word_1_301' title='bbox 217 3748 340 3813; x_wconf 85' lang='lat' dir='ltr'><strong>exinde</strong></span> <span class='ocrx_word' id='word_1_302' title='bbox 363 3770 399 3815; x_wconf 89' lang='lat' dir='ltr'><strong>se</strong></span> <span class='ocrx_word' id='word_1_303' title='bbox 422 3771 568 3834; x_wconf 90' lang='lat' dir='ltr'><strong>suosque</strong></span> <span class='ocrx_word' id='word_1_304' title='bbox 587 3771 691 3834; x_wconf 85' lang='lat' dir='ltr'><strong>grave</strong></span> <span class='ocrx_word' id='word_1_305' title='bbox 707 3751 872 3823; x_wconf 90' lang='lat' dir='ltr'><strong>damnum</strong></span> <span class='ocrx_word' id='word_1_306' title='bbox 887 3753 1070 3816; x_wconf 90' lang='lat' dir='ltr'><strong>incurrere.</strong></span> <span class='ocrx_word' id='word_1_307' title='bbox 1107 3751 1212 3815; x_wconf 84' lang='lat' dir='ltr'><strong>Ouius</strong></span> <span class='ocrx_word' id='word_1_308' title='bbox 1236 3752 1389 3816; x_wconf 84' lang='lat' dir='ltr'><strong>adventu</strong></span> 
     </span>
     <span class='ocr_line' id='line_1_38' title="bbox 217 3838 1388 3924; baseline 0.006 -25"><span class='ocrx_word' id='word_1_309' title='bbox 217 3838 366 3920; x_wconf 89' lang='lat' dir='ltr'><strong>cognito,</strong></span> <span class='ocrx_word' id='word_1_310' title='bbox 397 3839 528 3904; x_wconf 86' lang='lat' dir='ltr'><strong>Arabes</strong></span> <span class='ocrx_word' id='word_1_311' title='bbox 558 3840 712 3922; x_wconf 86' lang='lat' dir='ltr'><strong>undique</strong></span> <span class='ocrx_word' id='word_1_312' title='bbox 736 3840 880 3924; x_wconf 89' lang='lat' dir='ltr'><strong>dispersi</strong></span> <span class='ocrx_word' id='word_1_313' title='bbox 902 3839 1033 3922; x_wconf 82' lang='lat' dir='ltr'><strong>fugere,</strong></span> <span class='ocrx_word' id='word_1_314' title='bbox 1066 3843 1101 3905; x_wconf 90' lang='lat' dir='ltr'><strong>et</strong></span> <span class='ocrx_word' id='word_1_315' title='bbox 1125 3839 1208 3924; x_wconf 89' lang='lat' dir='ltr'><strong>ipse,</strong></span> <span class='ocrx_word' id='word_1_316' title='bbox 1239 3841 1388 3924; x_wconf 88' lang='lat' dir='ltr'><strong>acceptis</strong></span> 
     </span>
    </p>
   </div>
   <div class='ocr_carea' id='block_1_3' title="bbox 215 3925 1388 4101">
    <p class='ocr_par' dir='ltr' id='par_1_4' title="bbox 215 3925 1388 4101">
     <span class='ocr_line' id='line_1_39' title="bbox 216 3925 1388 4014; baseline 0.004 -26"><span class='ocrx_word' id='word_1_317' title='bbox 216 3925 280 4002; x_wconf 88' lang='lat' dir='ltr'><strong>his,</strong></span> <span class='ocrx_word' id='word_1_318' title='bbox 312 3926 371 4008; x_wconf 93' lang='lat' dir='ltr'><strong>qui</strong></span> <span class='ocrx_word' id='word_1_319' title='bbox 401 3929 637 4011; x_wconf 87' lang='lat' dir='ltr'><strong>comprehensi</strong></span> <span class='ocrx_word' id='word_1_320' title='bbox 661 3932 760 3992; x_wconf 90' lang='lat' dir='ltr'><strong>erant</strong></span> <span class='ocrx_word' id='word_1_321' title='bbox 783 3931 818 3992; x_wconf 91' lang='lat' dir='ltr'><strong>et</strong></span> <span class='ocrx_word' id='word_1_322' title='bbox 842 3927 951 4010; x_wconf 89' lang='lat' dir='ltr'><strong>ligati,</strong></span> <span class='ocrx_word' id='word_1_323' title='bbox 983 3929 1109 3991; x_wconf 89' lang='lat' dir='ltr'><strong>nostris</strong></span> <span class='ocrx_word' id='word_1_324' title='bbox 1133 3929 1273 3992; x_wconf 87' lang='lat' dir='ltr'><strong>ianuam</strong></span> <span class='ocrx_word' id='word_1_325' title='bbox 1295 3932 1388 4014; x_wconf 85' lang='lat' dir='ltr'><strong>pate·</strong></span> 
     </span>
     <span class='ocr_line' id='line_1_40' title="bbox 215 4013 1388 4101; baseline 0.003 -24"><span class='ocrx_word' id='word_1_326' title='bbox 215 4013 301 4078; x_wconf 81' lang='lat' dir='ltr'><strong>fecit</strong></span> <span class='ocrx_word' id='word_1_327' title='bbox 325 4015 481 4078; x_wconf 88' lang='lat' dir='ltr'><strong>exeundi.</strong></span> <span class='ocrx_word' id='word_1_328' title='bbox 522 4014 589 4093; x_wconf 78' lang='lat' dir='ltr'><strong>Qui</strong></span> <span class='ocrx_word' id='word_1_329' title='bbox 613 4017 827 4099; x_wconf 89' lang='lat' dir='ltr'><strong>egredientes</strong></span> <span class='ocrx_word' id='word_1_330' title='bbox 851 4018 896 4080; x_wconf 89' lang='lat' dir='ltr'><strong>ad</strong></span> <span class='ocrx_word' id='word_1_331' title='bbox 920 4017 1095 4081; x_wconf 85' lang='lat' dir='ltr'><strong>civitatem</strong></span> <span class='ocrx_word' id='word_1_332' title='bbox 1110 4017 1294 4080; x_wconf 86' lang='lat' dir='ltr'><strong>Ramulam</strong></span> <span class='ocrx_word' id='word_1_333' title='bbox 1316 4037 1388 4101; x_wconf 91' lang='lat' dir='ltr'><strong>per·</strong></span> 
     </span>
    </p>
   </div>
   <div class='ocr_carea' id='block_1_4' title="bbox 215 4205 607 4255">
    <p class='ocr_par' dir='ltr' id='par_1_5' title="bbox 215 4205 607 4255">
     <span class='ocr_line' id='line_1_41' title="bbox 215 4205 607 4255; baseline 0 -11"><span class='ocrx_word' id='word_1_334' title='bbox 215 4207 238 4254; x_wconf 84' lang='lat' dir='ltr'><strong>a)</strong></span> <span class='ocrx_word' id='word_1_335' title='bbox 251 4205 369 4243; x_wconf 77' lang='lat' dir='ltr'><strong>Aventinus</strong></span> <span class='ocrx_word' id='word_1_336' title='bbox 381 4205 427 4254; x_wconf 71' lang='grc'>11100</span> <span class='ocrx_word' id='word_1_337' title='bbox 440 4205 518 4244; x_wconf 70' lang='lat' dir='ltr'><strong>abhinc</strong></span> <span class='ocrx_word' id='word_1_338' title='bbox 526 4206 607 4255; x_wconf 66' lang='lat' dir='ltr'><strong>pergit.</strong></span> 
     </span>
    </p>
   </div>
   <div class='ocr_carea' id='block_1_5' title="bbox 216 4361 1388 4504">
    <p class='ocr_par' dir='ltr' id='par_1_6' title="bbox 216 4361 1388 4504">
     <span class='ocr_line' id='line_1_42' title="bbox 218 4361 1388 4434; baseline 0.002 -16"><span class='ocrx_word' id='word_1_339' title='bbox 218 4365 244 4430; x_wconf 85' lang='lat'><strong>1)</strong></span> <span class='ocrx_word' id='word_1_340' title='bbox 262 4361 400 4428; x_wconf 88' lang='lat' dir='ltr'><strong>Linteum,</strong></span> <span class='ocrx_word' id='word_1_341' title='bbox 425 4379 480 4430; x_wconf 89' lang='lat' dir='ltr'><strong>quo</strong></span> <span class='ocrx_word' id='word_1_342' title='bbox 506 4366 588 4431; x_wconf 84' lang='lat' dir='ltr'><strong>caput</strong></span> <span class='ocrx_word' id='word_1_343' title='bbox 611 4380 688 4418; x_wconf 90' lang='lat' dir='ltr'><strong>more</strong></span> <span class='ocrx_word' id='word_1_344' title='bbox 706 4365 794 4434; x_wconf 85' lang='lat' dir='ltr'><strong>gentis</strong></span> <span class='ocrx_word' id='word_1_345' title='bbox 813 4365 979 4432; x_wconf 85' lang='lat' dir='ltr'><strong>obvolverat,</strong></span> <span class='ocrx_word' id='word_1_346' title='bbox 999 4364 1153 4434; x_wconf 87' lang='lat' dir='ltr'><strong>expediens,</strong></span> <span class='ocrx_word' id='word_1_347' title='bbox 1178 4364 1252 4418; x_wconf 86' lang='lat' dir='ltr'><strong>facto</strong></span> <span class='ocrx_word' id='word_1_348' title='bbox 1270 4364 1388 4434; x_wconf 78' lang='lat' dir='ltr'><strong>vineole,</strong></span> 
     </span>
     <span class='ocr_line' id='line_1_43' title="bbox 216 4431 1045 4504; baseline 0.01 -20"><span class='ocrx_word' id='word_1_349' title='bbox 216 4431 245 4484; x_wconf 93' lang='lat' dir='ltr'><strong>in</strong></span> <span class='ocrx_word' id='word_1_350' title='bbox 264 4433 364 4486; x_wconf 86' lang='lat' dir='ltr'><strong>collum</strong></span> <span class='ocrx_word' id='word_1_351' title='bbox 383 4433 504 4503; x_wconf 86' lang='lat' dir='ltr'><strong>episcopi</strong></span> <span class='ocrx_word' id='word_1_352' title='bbox 521 4434 622 4503; x_wconf 84' lang='lat' dir='ltr'><strong>iniecit,</strong></span> <span class='ocrx_word' id='word_1_353' title='bbox 640 4437 807 4491; x_wconf 70' lang='lat' dir='ltr'><strong>Lambertus.</strong></span> <span class='ocrx_word' id='word_1_354' title='bbox 879 4437 906 4504; x_wconf 81' lang='grc'><strong>2)</strong></span> <span class='ocrx_word' id='word_1_355' title='bbox 923 4438 1045 4492; x_wconf 73' lang='lat' dir='ltr'><strong>Remos.</strong></span> 
     </span>
    </p>
   </div>
   <div class='ocr_carea' id='block_1_6' title="bbox 0 0 1640 5028">
    <p class='ocr_par' dir='ltr' id='par_1_7' title="bbox 0 0 1640 5028">
     <span class='ocr_line' id='line_1_44' title="bbox 0 0 1640 5028; baseline 0 0"><span class='ocrx_word' id='word_1_356' title='bbox 0 0 1640 5028; x_wconf 95' lang='lat' dir='ltr'><strong> </strong></span> 
     </span>
    </p>
   </div>
  </div>
 </body>
</html>
