3270 5028
371 433 551 490 ANNALES
570 431 823 488 ALTAHENSES
840 432 1023 491 MAIORES.
1059 434 1095 491 A.
1109 437 1188 492 1069.
1331 437 1365 490 77

191 622 231 683 ut
248 620 403 696 diximus,
429 617 577 700 quidam,
599 616 711 700 Egino
726 615 875 693 nomine,
899 620 1020 700 postea
1034 617 1280 693 manifestavit,
1305 618 1422 701 quises

190 708 272 772 huic
297 707 439 771 consilio
463 707 583 770 eadem
605 709 708 769 nocte
730 705 900 782 interfuit,
926 706 1052 788 quique
1075 707 1118 770 de
1141 726 1246 768 manu
1267 707 1364 770 ducis

192 797 346 880 gladium
376 815 412 860 se
442 795 612 878 accepisse
647 793 860 870 affirmabat,
897 813 975 858 cum
1010 814 1077 876 quo
1106 793 1365 858 interfectorem

191 885 281 967 regis
305 905 340 948 se
363 884 438 948 fore
461 883 528 965 ipsi
550 882 753 966 promiserat
762 881 784 943 1.
830 883 928 946 Haec
956 885 1072 946 autem
1097 903 1174 946 cum
1196 881 1258 946 illo
1281 886 1365 947 tem-

191 992 273 1057 pore
304 975 417 1036 essent
448 973 560 1056 celata
589 973 624 1034 et
654 971 788 1048 sedata,
825 991 895 1034 non
929 971 1056 1035 idcirco
1086 974 1205 1035 tamen
1234 972 1365 1054 quievit

192 1062 387 1144 iniquorum
413 1081 510 1125 mens
532 1079 648 1144 prava.
693 1058 854 1122 Proxima
876 1060 1005 1123 etenim
1029 1062 1160 1123 aestate
1184 1061 1365 1124 duodecim

192 1149 402 1214 Francorum
425 1152 461 1213 et
485 1148 658 1212 Saxonum
688 1147 858 1231 principes
888 1152 1008 1211 contra
1030 1167 1147 1231 regem
1170 1149 1365 1212 coniurave-

190 1242 282 1316 runt,
309 1258 454 1321 quorum
475 1257 565 1300 unus
582 1237 651 1299 dux
667 1234 751 1300 Otto
766 1256 883 1300 rursus
898 1235 1079 1300 ferebatur
1094 1257 1177 1302 esse.
1210 1237 1364 1302 Scientes

191 1327 308 1410 igitur,
339 1325 546 1389 familiarem
575 1326 710 1387 hostem
741 1325 785 1387 ad
813 1326 1009 1388 nocendum
1037 1345 1109 1389 esse
1132 1326 1364 1409 promtiorem,

191 1416 308 1500 palam
341 1413 509 1478 rebellare
543 1412 703 1476 fecerunt
731 1411 808 1476 Teti
840 1414 1075 1477 marchionem
1085 1414 1105 1490 ²,
1136 1413 1365 1478 Adalbertum

193 1501 390 1579 comitem33
421 1500 545 1584 reliqui
574 1521 655 1564 vero
685 1499 895 1564 simulabant
925 1521 961 1564 se
990 1502 1064 1583 regi
1093 1521 1227 1566 servare
1251 1503 1363 1580 fidem,

193 1612 260 1674 quo
283 1590 338 1655 vel
361 1594 542 1674 prosperea
570 1588 752 1671 agentibus
781 1609 841 1652 rex
863 1589 1000 1652 facilius
1023 1583 1216 1666 interiretb,
1240 1591 1305 1666 vel,
1336 1592 1366 1654 si

192 1679 336 1744 victoria
371 1698 489 1761 regem
523 1680 736 1760 sequeretur,
776 1677 851 1740 istis
890 1678 1134 1742 adiuvantibus
1172 1678 1225 1741 illi
1264 1679 1365 1742 citius

192 1769 329 1832 veniam
352 1771 387 1832 et
409 1767 499 1849 regis
527 1767 678 1850 graciam
707 1765 858 1849 recipere
888 1769 1112 1830 mererentur.
1158 1766 1232 1830 Nec
1259 1787 1363 1844 mora,

192 1857 314 1921 urbem
343 1856 531 1939 quandam,
567 1854 706 1918 nomine
737 1853 957 1937 Scidingun4,
994 1855 1145 1939 episcopi
1174 1855 1365 1938 Babenper·

193 1947 315 2028 gensis,
345 1945 498 2008 marchio
522 1943 713 2026 occupavit,
738 1942 948 2007 Adalbertus
973 1947 1088 2008 autem
1111 1944 1242 2025 regiam
1266 1943 1366 2007 abba-

191 2035 286 2111 tiam,
315 2033 497 2114 Nienburg
525 2033 653 2095 dictam
663 2031 684 2108 ⁵,
714 2032 841 2094 invasit
865 2035 900 2095 et
923 2032 1065 2114 praedia
1086 2033 1186 2116 regis,
1218 2052 1305 2114 quae
1329 2033 1366 2096 in

194 2123 340 2186 circuitu
363 2125 472 2197 erant,
503 2120 569 2184 sibi
597 2121 722 2184 servire
747 2120 869 2202 coegit.
916 2120 990 2184 Rex
1013 2124 1130 2184 autem
1152 2121 1360 2204 Ratispone⁰

192 2211 333 2293 positus,
356 2209 418 2273 ubi
441 2210 527 2272 haec
552 2209 693 2285 audivit,
718 2207 865 2270 collecta
880 2207 1106 2272 multitudine
1124 2209 1231 2293 ceptis
1248 2229 1366 2273 eorum

193 2297 330 2362 obviare
363 2297 554 2361 festinavit.
611 2295 716 2360 euius
750 2295 901 2358 reditum
934 2296 1143 2360 Adalbertus
1179 2318 1290 2361 comes
1325 2301 1366 2360 ut

194 2386 370 2468 cognovit,
403 2386 445 2449 de
475 2385 629 2462 civitate,
662 2404 765 2466 quam
794 2387 1006 2466 pervaserat,
1037 2385 1203 2468 profugit.
1256 2384 1366 2463 Quem

192 2472 1365 2645 slslaaltla§attulistissatissatis}

166 2655 309 2733 ‘autem
339 2651 375 2713 in
398 2645 609 2733 Thuringiacl
637 2650 811 2714 civitatem
841 2651 1058 2729 marchionis,
1089 2653 1228 2715 nomine
1255 2650 1365 2714 Pichi·

191 2739 346 2822 lingunss,
387 2739 537 2816 obsedit,
578 2759 681 2821 quam
720 2739 829 2822 primo
864 2739 996 2823 impetu
1031 2744 1168 2824 captam
1203 2739 1364 2804 succendi

191 2828 301 2892 iussit.
340 2828 483 2892 Movens
507 2846 587 2909 ergo
610 2828 691 2891 inde
708 2826 899 2909 Scidingun
921 2829 1087 2911 pervenit,
1113 2837 1201 2912 quae
1224 2829 1307 2892 licet
1330 2831 1365 2892 et

192 2915 267 2999 ipsa
282 2919 545 2998 expugnaretur,
570 2917 681 2998 prima
696 2917 934 2997 congressione
956 2921 1074 2981 tamen
1097 2937 1139 2980 ex
1161 2921 1259 3001 parte
1273 2917 1364 3000 regis

192 3002 295 3065 multi
323 3003 497 3066 vulnerati
527 3006 562 3066 et
591 3004 719 3066 mortui
748 3004 901 3068 cecidere
913 3004 932 3066 ⁷.
988 3005 1033 3066 In
1066 3007 1262 3088 praesentia
1296 3007 1365 3069 dux

194 3089 260 3155 Oto
290 3093 374 3153 tunc
405 3093 540 3168 aderat,
577 3092 637 3154 sed
670 3110 734 3154 nec
769 3091 832 3154 hos
861 3111 925 3156 neo
954 3092 1032 3156 illos
1062 3094 1265 3172 adiuvabat,
1300 3113 1364 3158 nec

193 3198 399 3262 quemquam
429 3199 469 3242 ex
492 3179 562 3242 suis
590 3178 749 3242 auxiliari
777 3179 922 3244 sinebat.
969 3181 1065 3245 Haec
1096 3186 1212 3246 autem
1240 3183 1365 3265 reliqui

193 3268 426 3332 coniuratores
448 3267 606 3332 videntes
635 3287 795 3350 prospere
825 3269 907 3350 geri,
937 3269 1035 3332 nullo
1066 3272 1167 3334 modo
1196 3291 1232 3335 se
1259 3272 1364 3334 mani-

191 3356 313 3421 festari
343 3359 424 3419 sunt
454 3355 538 3419 ausi.
586 3354 802 3438 Quapropter
830 3358 983 3421 marchio
1014 3362 1049 3422 et
1076 3358 1296 3436 Adalbertus,
1329 3379 1364 3422 se

193 3445 376 3509 derelictos
400 3444 588 3508 sentientes
610 3444 830 3526 consciosque
846 3465 924 3509 suos
940 3465 1027 3530 pene
1051 3450 1133 3510 ante
1155 3447 1277 3511 tubam
1298 3450 1364 3510 tre·
1422 3497 1424 3502 .

192 3538 334 3611 mentes,
366 3552 527 3615 magnam
556 3533 775 3616 praediorum
804 3553 943 3597 suorum
972 3537 1107 3617 partem
1133 3537 1208 3618 regi
1231 3536 1362 3612 dantes,

192 3623 339 3704 gratiam
370 3621 442 3685 eius
472 3624 672 3686 meruerunt
706 3641 891 3704 omnesque
922 3622 1056 3686 consilii
1086 3625 1139 3686 sui
1169 3624 1363 3686 coniuratos

192 3711 467 3773 nominaverunt.
514 3708 631 3787 Quose
665 3713 783 3774 tamen
812 3730 872 3774 rex
900 3711 1040 3775 interim
1070 3711 1298 3775 dissimulavit
1329 3731 1435 3776 sessu.

191 3898 273 3949 a)illls
288 3899 310 3936 tn
324 3899 510 3938 arcamarcaa
524 3900 614 3941 videtur.
668 3899 692 3951 b)
705 3909 760 3949 quae
772 3904 896 3950 sequuntur,
910 3901 1028 3940 Aventinus
1037 3901 1083 3950 ipre
1093 3901 1199 3942 exaravit.
1254 3903 1275 3950 e)
1289 3901 1364 3941 Ratis·

192 3956 262 4002 ponte
275 3963 292 3993 c.
346 3950 370 4003 d)
384 3953 516 4003 'Pharyngla
529 3962 546 3995 r.
600 3953 622 4006 e)
636 3953 684 4002 Quo
699 3965 716 3995 c.

193 4110 219 4177 1)
236 4111 276 4162 De
293 4111 415 4177 Epinorw
431 4112 489 4162 cide
503 4111 675 4164 Lambertum
692 4129 719 4166 a.
733 4113 811 4167 1070.
830 4119 854 4164 et
872 4113 1026 4165 Brunonem
1043 4128 1064 4168 r.
1078 4114 1121 4168 19.
1193 4111 1220 4179 2)
1237 4113 1364 4178 Praefert

191 4181 328 4234 marotiae
345 4183 473 4233 mentali
492 4181 680 4248 iburiayicce.
752 4183 780 4251 8)
797 4184 828 4234 de
846 4184 1018 4238 Bollcnstedt.
1089 4183 1118 4251 4)
1135 4182 1317 4249 Scheiduayen
1334 4186 1365 4236 in

195 4252 356 4320 lauriaqia.
447 4254 474 4319 5)
491 4253 787 4320 Masclion-Nimirum
804 4255 842 4305 cd
859 4255 961 4310 Saltim.
1047 4254 1074 4322 6)
1091 4255 1271 4320 Beicblinyea,
1290 4254 1366 4306 houd

188 4325 286 4390 merul
303 4340 321 4375 a
332 4323 448 4375 Ko‘lleda
460 4325 549 4379 situm.
623 4323 649 4390 7)
667 4324 709 4388 Of.
721 4324 902 4391 Lambertum,
922 4326 969 4392 qai
985 4326 1017 4375 de
1034 4325 1078 4377 bis
1095 4326 1174 4378 retur
1191 4327 1281 4390 fusius
1298 4328 1364 4393 ogit.

192 4394 282 4446 Multa
301 4395 334 4446 at
352 4410 381 4447 eo
398 4395 479 4446 aliar
496 4401 659 4461 narrantur,
679 4401 757 4461 atque
774 4397 805 4446 in
822 4396 967 4448 annalibus
984 4398 1092 4450 nostris.
