3268 5036
456 461 636 517 ANNALES
654 462 909 519 ALuAHuusus
929 463 1111 520 MAIORES.
1325 463 1369 519 lx

195 641 230 694 ad
248 639 394 695 concilium
413 656 563 708 omnesque
582 641 703 694 conscios
723 640 930 709 coniurationis,
955 640 1052 709 quodsi
1069 640 1163 694 venire
1181 645 1309 694 recusent
1326 658 1367 708 eo,

194 711 360 780 proscriptos
373 714 437 778 (sie)
456 711 498 766 iri.
535 709 672 764 Henricus
692 711 822 765 continuo
840 712 915 765 veuit
933 711 969 765 ad
986 713 1180 780 imperatorem
1199 729 1262 765 cum
1281 712 1367 765 omni-
1378 729 1439 774 tts‘.

194 784 245 836 bus
264 782 385 850 consciis,
405 799 464 835 sese
483 781 588 835 dedunt
605 782 772 850 imperatori.
809 783 873 835 Dux
890 781 1060 851 Ingelheym‚
1079 782 1221 836 Abraham
1234 782 1367 836 Oorobiae

194 857 325 908 servatur.
361 852 521 920 Antequam
544 869 587 906 res
605 852 691 922 finita,
716 856 811 907 contra
829 853 984 906 Haroldum
1002 871 1096 924 regem
1114 854 1256 906 Danorum
1275 857 1367 907 aucto-

193 941 253 978 rem
270 923 343 989 mali,
362 923 479 976 domitat
496 927 569 990 (sic).

300 997 362 1050 975.
398 994 552 1048 Boemanni
581 994 713 1048 familiam
740 1013 761 1051 s.
789 993 917 1049 Mauricii
944 995 1112 1050 occiderunt.
1158 994 1212 1048 Oto
1239 994 1368 1048 Boiemos

194 1068 289 1132 vastat,
308 1065 438 1120 incendit.

301 1140 362 1192 976.
398 1135 554 1204 Imperator
566 1135 631 1189 Bois
644 1139 708 1204 (sic)
728 1137 809 1189 armis
823 1136 887 1203 adit,
907 1135 1060 1189 Henricum
1073 1135 1171 1189 ducem
1184 1137 1366 1204 consequitur,

193 1207 377 1260 vindicantem
401 1207 553 1259 dominium
577 1208 757 1275 imperatoris.
802 1206 936 1274 Comites,
965 1207 1085 1276 episcopi
1112 1207 1147 1260 ad
1174 1208 1368 1274 imperatorem

194 1277 334 1343 deficiunt,
358 1278 415 1330 dux
438 1279 531 1334 evasit.
569 1276 696 1332 Secundo
719 1279 869 1347 imperator
886 1278 970 1332 Boios
992 1279 1084 1346 intrat,
1107 1278 1260 1332 Henricum
1281 1278 1367 1346 pellit,

194 1347 278 1402 Otoni
296 1348 360 1401 duci
379 1347 532 1402 Suevorum
549 1348 615 1402 Bois
634 1350 816 1406 commendat.

300 1423 362 1475 977.
398 1418 554 1487 Imperator
565 1419 708 1472 Boemiam
720 1423 816 1485 vastat,
829 1419 978 1473 Bolislaum
994 1419 1145 1488 supplicem
1156 1419 1250 1473 venire
1269 1419 1367 1488 coegit.

193 1489 310 1544 Interim
329 1490 395 1542 dnm
413 1490 481 1543 haec
501 1494 627 1560 aguntur,
645 1488 783 1544 Henricus
802 1490 858 1542 dux
876 1494 905 1544 et
923 1491 992 1543 alter
1004 1491 1125 1544 eiusdem
1138 1491 1263 1556 nominis,
1282 1507 1367 1558 nepos

193 1561 260 1626 eius,
279 1561 434 1614 invaserant
452 1559 590 1616 Bazaowa.
627 1560 783 1629 Imperator
794 1561 842 1614 ubi
854 1561 907 1614 hoc
920 1561 1031 1629 audiuit,
1049 1578 1166 1630 propere
1179 1578 1254 1614 arma
1267 1565 1367 1626 movet,

195 1632 291 1684 urbem
310 1631 425 1698 obsidet,
443 1636 528 1700 ponte
546 1632 619 1685 facto
638 1632 667 1684 in
686 1631 853 1686 deditionem
872 1632 971 1700 coegit,
988 1632 1053 1685 inde
1071 1633 1100 1684 iu
1113 1631 1261 1685 Saxouiam
1277 1648 1367 1684 rever-

193 1703 269 1770 titur,
288 1703 317 1754 in
334 1703 451 1770 gretiam
469 1703 559 1770 ipsum
578 1701 731 1756 Henricum
750 1703 862 1770 accepit.

301 1777 361 1829 978.
398 1773 532 1826 Bolislaus
563 1774 598 1826 ad
628 1774 822 1842 imperatorem
852 1773 954 1842 pascha
984 1773 1073 1841 venit,
1103 1790 1200 1840 pacem
1229 1773 1367 1841 impetrat,

194 1843 306 1896 domum
332 1844 486 1900 dimittitur.
530 1844 637 1898 Aderat
661 1848 689 1898 et
714 1844 851 1898 Henricus
877 1849 906 1898 et
930 1845 975 1897 ille
1001 1845 1069 1897 alius
1095 1844 1216 1899 eiusdem
1242 1843 1367 1909 nominis,

193 1915 391 1983 comprehensi,
409 1916 439 1968 in
458 1915 568 1968 exilium
588 1916 650 1971 acti.

301 1989 361 2041 982.
398 1986 497 2056 Pugna
515 2004 578 2038 cum
593 1985 735 2040 Saracenis
753 1985 857 2042 infelix.
895 1986 971 2040 Obiit
983 1985 1036 2039 Oto
1055 1985 1112 2038 dux
1124 1985 1263 2054 Boiorum,
1283 2002 1367 2054 nepos

194 2056 365 2124 imperatoris
385 2074 419 2111 ex
436 2057 529 2124 fratre,
548 2057 670 2110 succedit
687 2056 833 2112 Henricus.

301 2131 361 2184 983.
399 2128 452 2182 Oto
471 2129 621 2196 imperator
638 2127 744 2181 Romae
762 2129 886 2181 moritur.

301 2203 361 2254 989.
398 2198 536 2252 Henricus
555 2199 611 2252 dux
629 2198 840 2266 Oarynthiorum
859 2198 934 2252 obiit.

301 2272 362 2326 990.
398 2269 531 2338 Regulari
548 2271 605 2322 vita
622 2269 705 2322 Altae
723 2269 854 2337 incipitur
871 2286 921 2337 per
938 2267 1159 2321 Erchanbertum
1178 2268 1313 2323 abbatem.

301 2343 362 2396 991.
399 2339 592 2393 Gothehsrdus
610 2339 642 2392 fit
659 2339 818 2395 monachus.

302 2415 361 2466 994.
400 2409 476 2463 Obiit
492 2411 707 2480 wolfgangum.

301 2485 362 2538 995.
399 2481 536 2535 Henricus
556 2482 611 2534 dux
630 2482 705 2548 obiit,
725 2481 847 2534 succedit
864 2480 935 2534 filius
954 2479 1099 2534 Henricus.

301 2556 361 2608 998.
398 2552 500 2606 Mulier
517 2552 599 2606 Altae
618 2553 698 2605 enixa
716 2552 744 2606 V
762 2551 839 2604 filios.

166 2638 185 2679 5.
271 2623 363 2680 *loca
399 2623 549 2691 Henricus,
579 2622 722 2677 Pertboldi
752 2624 858 2676 comitis
886 2622 971 2690 filius,
1004 2624 1032 2674 et
1055 2621 1150 2674 Bruno
1177 2621 1263 2675 frater
1287 2621 1367 2690 regis,

194 2694 275 2747 ambo
293 2695 486 2763 Bolislavones,
505 2694 652 2748 Bolanicus
671 2699 699 2748 et
716 2694 881 2762 Boiemicus,
904 2695 1046 2761 rebellant,
1065 2692 1202 2747 Henricus
1221 2693 1256 2745 ad
1273 2710 1368 2762 regem

194 2765 300 2834 fugiens
318 2766 348 2818 in
367 2765 554 2819 Gibicaustein
573 2766 733 2820 custoditur.

301 2839 379 2964 lggl.
415 2836 579 2960 glffilldus
601 2924 651 2960 rex
672 2906 704 2958 fit
726 2907 883 2974 imperator,
907 2906 978 2959 filius
1002 2906 1059 2960 eius
1083 2923 1132 2959 rex
1149 2904 1286 2959 Henricus
1312 2905 1432 2963 duxaso.

194 2995 326 3048 Bavariae
339 2996 522 3062 constituitur,
541 2996 588 3063 qui
607 2995 782 3063 praecedenti
801 3012 872 3047 anno
891 3013 941 3048 rex
958 2994 1055 3062 factus,
1075 2984 1241 3047 educatus
1258 2981 1367 3045 Frisio

195 3073 352 3154 episcopo
377 3075 413 3135 et
436 3071 591 3135 Andex1.

302 3157 379 3209 1030.
417 3153 572 3222 Imperator
589 3154 618 3205 in
630 3153 781 3222 Ungariam
799 3157 936 3222 properat,
956 3155 1041 3206 natali
1059 3154 1146 3207 sancti
1160 3153 1263 3206 Albani
1281 3153 1367 3206 domi·

193 3225 255 3278 nica
273 3224 318 3278 die
336 3224 418 3278 Altae
437 3227 588 3292 pernoctat.
625 3223 720 3278 Rediit
738 3224 795 3276 sine
814 3225 922 3290 effectu,
941 3225 1013 3278 fame
1032 3225 1195 3292 compulsus.
1231 3224 1314 3278 Wien
1333 3225 1367 3277 ab

193 3295 312 3365 Ungaru's
336 3299 423 3364 capta.
460 3295 564 3348 Miseco
588 3295 644 3347 dux
667 3295 810 3363 Polaniae,
834 3294 968 3349 Bezbrieu
990 3296 1076 3349 frater
1099 3297 1165 3364 eius,
1183 3295 1292 3349 Ulricus
1311 3294 1368 3347 dux

194 3365 331 3423 Boemiae.
368 3366 469 3420 Lintizi
487 3367 627 3435 regionem
646 3367 795 3434 imperator
813 3367 910 3435 caepit,
929 3367 1002 3420 victo
1014 3366 1149 3420 Misicone
1162 3367 1231 3420 duce
1244 3365 1366 3420 Polonie.

195 3561 225 3614 [e)
239 3559 340 3602 succedit
355 3559 489 3612 Gaphardus
504 3561 622 3600 Aventinus
636 3563 681 3600 alto
696 3565 818 3600 atramento
833 3560 933 3612 addidit]

197 3721 222 3786 1)
247 3720 387 3788 [educatus
411 3751 444 3759 -
463 3719 577 3788 Andex,
607 3723 656 3772 etsi
679 3722 765 3773 ecdem
790 3727 938 3773 atramento
962 3722 1096 3787 eodemque
1121 3722 1264 3771 literarum
1288 3722 1369 3772 ductu

195 3799 310 3842 exoratu
328 3794 391 3857 sint,
416 3794 481 3858 quin
499 3793 647 3844 Auentinus
664 3793 774 3843 aliunde
792 3793 991 3858 deprmnpserit,
1010 3793 1104 3842 nutius
1121 3793 1218 3846 dubito.
1255 3792 1293 3843 Et
1310 3794 1368 3858 qui·

195 3863 253 3912 dem
271 3863 386 3913 aiterum
404 3879 417 3912 7
435 3863 611 3928 diplomatum
630 3864 701 3927 locis,
721 3864 752 3914 de
770 3863 866 3928 quibus
883 3863 940 3914 cide
958 3865 996 3914 sis
1014 3863 1168 3927 Steindorffl
1190 3863 1369 3914 ‘Jahruuuer

195 3934 241 3983 des
258 3933 397 3984 deutschen
415 3933 511 3984 Reichs
528 3940 606 3984 77777
623 3934 756 3986 Heinrich
772 3934 839 3986 III!
857 3933 880 3999 I,
898 3951 926 4000 p.
939 3937 974 3988 22
986 3950 1033 3999 sq,
1053 3934 1168 3984 77777777
1185 3950 1218 3985 an
1235 3933 1369 3986 Andecen·
1406 3981 1408 3986 .

195 4006 266 4054 sium
291 4003 480 4054 monachorum
505 4006 604 4055 aemuli
621 4006 683 4060 XV.
708 4007 866 4070 aeramentis,
892 4006 940 4071 qui
963 4006 1080 4056 comitem
1104 4005 1183 4055 iilum
1207 4006 1367 4071 Dupoldum,

195 4076 320 4126 Heinrici
330 4076 403 4139 repis
412 4080 518 4140 putrem
527 4077 565 4126 sic
574 4091 673 4142 quoque
685 4077 845 4141 fabulosum,
859 4077 891 4126 de
900 4091 950 4142 quo
959 4076 1110 4139 Steinderff
1119 4077 1136 4129 l.
1147 4077 1165 4126 i.
1178 4076 1202 4141 I,
1213 4077 1368 4144 7511777,

195 4153 218 4197 et
231 4146 369 4211 Bresstuu,
383 4145 564 4197 ‘Juhrluicher
575 4147 620 4197 des
631 4147 770 4199 deutschen
779 4147 875 4198 Reichs
885 4154 964 4198 unter
976 4147 1092 4199 Konrud
1100 4146 1150 4200 II!
1162 4148 1201 4212 ΙΙ,
1213 4165 1241 4214 p.
1252 4149 1304 4201 521
1315 4164 1368 4215 sqq.

195 4218 298 4282 777777,
326 4217 403 4268 nitra
427 4216 565 4281 finnerunt
589 4221 706 4270 cmuitem
730 4219 762 4269 de
786 4218 916 4272 Α777777.
961 4218 1033 4282 Qum
1056 4225 1199 4270 commenta
1223 4219 1371 4270 Aventinus

196 4289 314 4342 71514.
334 4289 364 4338 in
382 4288 465 4339 codice
483 4288 637 4354 Andecensi,
657 4305 732 4355 quem
749 4305 820 4340 nunc
838 4289 992 4341 bibliotheca
1009 4291 1086 4354 77777
1104 4290 1270 4341 Monacensis
1288 4287 1369 4355 (cim.

196 4360 262 4422 313)
281 4365 377 4424 777777,
397 4359 507 4423 offendit
524 4365 548 4410 et
566 4361 596 4409 in
608 4360 835 4411 Adversariorum
853 4375 962 4412 suornm
980 4367 1078 4412 mmmm
1090 4362 1213 4427 quintum
1231 4361 1308 4428 (eod.
1322 4362 1369 4414 tut.

197 4429 269 4483 Mon.
290 4431 368 4495 1202,
388 4431 488 4494 filet)
507 4429 618 4498 retulit]
