3270 5028
380 473 560 529 ANNALES
578 473 832 530 ALTAHENSES
851 473 1033 532 MAIORES.
1070 475 1106 532 A.
1120 479 1198 533 1064.
1341 479 1377 534 65

202 661 285 723 dum
300 678 430 723 morem
445 658 566 742 positis
582 657 764 735 subselliis,
784 658 932 742 primum
948 658 1145 723 Alexander
1160 663 1373 724 1111111111111α

200 747 286 813 fecit
317 749 359 811 de
382 766 466 830 pace
491 750 527 811 et
551 747 741 824 concordia,
773 748 992 830 postmodum
1021 747 1175 831 proferre
1205 748 1315 825 iussit,
1346 747 1377 812 si

201 854 269 920 qua
288 838 401 901 essent
417 835 574 899 dicenda.
609 835 706 898 Tunc
722 835 997 919 archiepiscopus
1015 835 1244 900 Coloniensis:
1272 835 1374 912 ‘Rex',

201 925 324 1008 inquit,
358 923 403 989 ‘et
425 924 525 1006 regni
547 923 719 1008 principes
744 924 930 988 audierunt
960 925 1003 988 de
1025 928 1062 990 te
1085 924 1284 1002 multorum,
1316 924 1376 1006 qui

201 1016 286 1079 haec
310 1032 392 1077 vera
415 1013 609 1090 adfirmant,
636 1012 815 1089 relatione,
840 1013 932 1094 quod
954 1032 1016 1097 per
1038 1014 1187 1077 heresim
1211 1013 1376 1097 symonia·

201 1123 277 1166 cam
299 1102 496 1186 perveneris
521 1102 566 1164 ad
585 1102 702 1166 sedem
718 1101 952 1184 apostolicam,
977 1121 1123 1184 cumque
1138 1101 1204 1165 tibi
1221 1102 1376 1165 conscius

199 1191 292 1256 fores
316 1190 468 1254 criminis
491 1190 592 1266 tanti,
622 1189 892 1267 Northmannos,
921 1190 1068 1253 Romani
1090 1189 1226 1273 imperii
1248 1190 1375 1266 hostes,

201 1281 309 1344 socios
340 1283 376 1344 et
406 1280 533 1342 amicos
563 1278 631 1342 tibi
660 1278 850 1354 adscivisti,
880 1281 922 1341 ut
951 1298 1070 1343 eorum
1099 1278 1228 1340 auxilio
1257 1280 1378 1342 contra

200 1369 338 1451 regulas
368 1367 632 1442 ecclesiasticas,
665 1367 770 1430 etiam
797 1385 878 1448 rege
907 1367 1018 1430 invito
1047 1369 1257 1450 potestatem
1287 1367 1377 1429 hanc

200 1458 368 1522 retineas:
400 1457 610 1538 quapropter
638 1475 701 1518 nos
732 1475 752 1517 a
779 1473 860 1536 rege
891 1455 1014 1519 directi
1044 1475 1175 1532 sumus,
1206 1457 1260 1532 ut,
1293 1453 1378 1537 quid

202 1547 283 1609 inde
306 1564 426 1609 verum
449 1544 504 1621 sit,
530 1542 795 1626 cognoscamus'.
842 1543 931 1605 Tum
945 1542 1006 1607 ille
1021 1577 1066 1586 -
1081 1547 1122 1606 ut
1137 1542 1249 1606 verbis
1270 1543 1377 1627 ipsius

201 1636 342 1696 utamur
357 1667 402 1674 —
416 1631 609 1714 respondit:
637 1630 764 1695 ‘Nostis
780 1631 929 1713 quidem,
954 1631 1018 1694 filii
1035 1631 1209 1708 carissimi,
1234 1632 1263 1694 si
1282 1650 1378 1694 accu-

203 1725 333 1786 satores
363 1720 431 1784 mei
460 1739 599 1784 veraces
621 1719 754 1785 vellent
781 1739 854 1784 esse
877 1719 934 1784 vel
956 1721 1076 1796 videri,
1106 1720 1208 1783 modo
1239 1721 1378 1784 deceret

204 1831 275 1888 eos,
312 1810 401 1873 sicut
430 1829 501 1885 me,
539 1809 658 1872 adfore
687 1809 725 1871 in
754 1809 938 1891 praesenti.
993 1807 1125 1886 Quibus
1159 1811 1278 1873 tamen
1306 1828 1378 1870 11111

204 1919 344 1982 cogerer
370 1897 437 1960 nisi
466 1917 544 1962 mea
571 1900 692 1981 sponte
715 1899 931 1980 respondere,
963 1898 1044 1979 quia
1074 1897 1191 1962 cuncti
1220 1897 1378 1960 novimus

203 1989 334 2051 iustum
348 2007 419 2050 non
436 2005 518 2062 esse,
544 1986 729 2069 discipulos
745 1986 950 2068 magistrum
966 2004 1127 2050 accusare
1142 1985 1198 2050 vel
1213 1985 1377 2049 iudicare.

203 2077 370 2140 Attamen
397 2067 525 2152 nuncb,
556 2094 600 2139 ne
624 2078 745 2138 sancta
767 2074 834 2138 Dei
857 2074 1001 2138 11111111
1025 2075 1227 2138 scandalum
1250 2073 1378 2138 habeat
1388 2047 1506 2153 1111111,
1514 2101 1553 2147 11.

204 2184 306 2248 super
326 2183 391 2239 me,
414 2167 525 2227 testor
540 2167 576 2228 et
591 2164 667 2225 iuro
687 2183 748 2246 per
763 2164 865 2240 hunc,
891 2181 993 2244 quem
1013 2163 1166 2240 colimus,
1191 2164 1379 2226 adventum

205 2252 354 2336 Spiritus
370 2252 490 2328 sancti,
508 2252 590 2334 quia
604 2251 850 2314 conscientiam
865 2271 977 2314 meam
992 2271 1169 2332 nunquam
1184 2251 1380 2334 symoniaca

204 2341 316 2404 heresi
332 2340 578 2416 conmaculavi,
596 2341 656 2404 sed
667 2359 723 2404 me
738 2339 985 2403 reclamantem
1002 2343 1037 2403 et
1051 2339 1260 2403 renitentem
1271 2341 1379 2403 traxe·

203 2431 287 2491 runt
304 2431 339 2493 et
354 2429 392 2491 in
407 2429 489 2492 sede
505 2428 695 2511 apostolica
710 2427 859 2491 invitum
874 2430 1068 2492 statuentes
1081 2430 1378 2492 consecraverunt.

204 2517 250 2580 Et
281 2519 346 2580 hoc
376 2516 430 2579 1111
459 2517 589 2593 111111,
626 2517 685 2598 qui
715 2517 904 2580 secundum
935 2516 1117 2598 antiquum
1146 2517 1380 2580 Romanorum

204 2626 305 2669 usum
323 2605 475 2687 eligendi
491 2608 526 2670 et
543 2606 766 2668 consecrandi
781 2605 954 2688 pontificis
971 2625 1089 2669 curam
1113 2609 1148 2670 11
1171 2607 1380 2688 potestatem

203 2692 541 2758 noscunturhabere.
566 2692 1380 2771 1111111111111111111111111111111111111

205 2783 406 2848 societatem
423 2785 458 2847 11
474 2783 674 2859 amiciciam,
694 2783 784 2845 nihil
800 2785 861 2860 est,
880 2783 971 2864 quod
988 2784 1031 2847 de
1047 2784 1112 2846 hoc
1127 2784 1229 2846 modo
1244 2801 1380 2865 respon·

206 2872 315 2948 deam,
341 2872 401 2935 sed
425 2871 453 2934 si
476 2872 613 2952 quando
637 2871 729 2934 filius
745 2891 841 2935 meus
856 2891 917 2936 rex
931 2871 1004 2954 ipse
1020 2872 1154 2935 venerit
1169 2872 1315 2935 Romam
1335 2871 1380 2934 ad

206 2959 460 3042 suscipiendam
488 2959 703 3043 imperialem
732 2959 1009 3024 benedictionem
1040 2963 1075 3024 et
1106 2979 1276 3036 coronam,
1307 2959 1380 3042 ipse

204 3049 291 3110 tunc
320 3066 481 3130 praesens
512 3047 758 3129 comprobabit,
790 3047 874 3128 quid
904 3068 946 3111 ex
975 3049 1028 3111 his
1052 3067 1171 3112 verum
1201 3048 1267 3112 sit'.
1314 3047 1457 3114 Hisrsac

207 3134 344 3211 auditis,
370 3135 487 3197 cuncti
504 3136 691 3212 credentes,
718 3155 796 3199 eum
811 3135 948 3200 obiecta
963 3136 1051 3200 bene
1067 3157 1240 3220 purgasse,
1264 3139 1299 3199 et
1314 3136 1381 3219 ipsi

207 3224 280 3288 eius
296 3223 502 3287 electionem
518 3223 711 3300 laudavere,
730 3222 821 3288 clero
838 3228 997 3288 canente:
1023 3225 1066 3288 Te
1081 3224 1186 3288 Deum
1202 3225 1379 3303 laudamus,

205 3311 348 3394 reliquis
364 3315 481 3376 autem
493 3312 530 3374 in
541 3331 720 3376 commune
733 3311 847 3377 Deum
858 3311 1143 3377 benedicentibus
1160 3317 1195 3378 et
1211 3311 1381 3375 laudanti-

206 3400 281 3464 bus·
309 3400 464 3464 Tandem
479 3400 617 3464 silentio
633 3399 728 3463 facto
743 3401 942 3465 Alexander
956 3422 1046 3485 papa
1062 3403 1104 3466 de
1121 3401 1298 3464 Parmensi
1314 3399 1381 3482 epi·

207 3507 309 3572 scopo
333 3489 569 3570 quaestionem
592 3488 762 3565 movebat,
793 3509 895 3571 quem
924 3493 1043 3555 tamen
1065 3491 1138 3574 ipse
1161 3510 1232 3552 non
1256 3488 1381 3571 episco-

206 3597 298 3659 pum,
323 3578 384 3640 sed
404 3578 596 3641 hereticum
610 3577 822 3641 nominabat.
860 3577 1014 3660 Cumque
1031 3580 1104 3642 eius
1121 3577 1265 3641 crimina
1279 3595 1382 3640 nemo

207 3667 307 3740 esset,
332 3666 391 3746 qui
413 3665 599 3743 refelleret,
624 3664 781 3749 synodali
804 3666 932 3730 iudicio
951 3687 1068 3730 rursus
1085 3686 1164 3731 eum
1180 3664 1380 3741 devovebat,

209 3750 391 3835 Cisalpinis
414 3757 450 3817 11
473 3754 607 3818 Italicis
631 3753 841 3836 cunctisque,
873 3755 933 3836 qui
956 3755 1069 3819 dicere
1091 3757 1269 3831 noverant,
1300 3753 1381 3816 inci·

208 3840 386 3904 dentibus:
413 3841 511 3919 ‘Fiat
528 3842 615 3906 fiat’l
650 3843 696 3905 111
713 3844 779 3906 hoc
795 3843 935 3925 quidem
950 3844 1051 3906 modo
1068 3841 1221 3906 solutum
1237 3845 1289 3906 est
1306 3862 1381 3905 con·
1390 3867 1441 3911 run.
1448 3867 1470 3910 1.

208 3927 327 3991 cilium
343 3929 399 3993 die
415 3929 487 3992 illo.
523 3929 689 4012 Sequenti
704 3951 785 3995 vero
801 3931 857 3995 die
874 3931 1149 4015 archiepiscopus
1167 3930 1381 3995 Coloniensis

206 4037 278 4079 non
301 4016 477 4094 intererat,
503 4020 539 4082 11
555 4038 634 4083 1111
649 4019 803 4083 fautores
819 4018 1014 4084 Parmensis
1035 4021 1186 4103 episcopi
1202 4019 1382 4084 ecclesiam

207 4125 286 4168 cum
309 4126 434 4188 magno
450 4107 598 4189 strepitu
613 4107 861 4191 irrumpebant,
885 4107 1122 4173 Alexandrum
1144 4128 1270 4192 papam
1287 4108 1381 4170 here·

205 4194 316 4256 ticum
331 4194 621 4272 vociferabantur,
646 4196 787 4278 quidam
811 4197 917 4260 etiam
941 4197 1132 4279 evaginatis
1156 4195 1280 4280 gladiis
1296 4215 1382 4258 mor-

109 4301 198 4352 *aaa
206 4285 279 4346 tem
303 4283 335 4346 ei
357 4282 591 4346 minabantur.
639 4282 714 4361 Quo
737 4284 819 4362 viso,
844 4284 903 4367 qui
925 4285 963 4348 in
987 4285 1132 4350 concilio
1157 4287 1265 4361 erant,
1293 4302 1383 4367 pene

208 4389 326 4434 omnes
354 4371 491 4454 fugere,
523 4371 616 4436 solus
645 4393 735 4457 papa
764 4373 821 4436 vix
849 4372 1015 4438 remansit
1044 4374 1081 4437 in
1110 4374 1186 4439 loco
1210 4366 1383 4438 *sessionis

207 4504 232 4557 a)
245 4513 348 4546 sermone
362 4518 378 4550 c.
436 4507 459 4560 b)
472 4518 502 4548 111
515 4519 532 4552 c.
587 4511 608 4558 c)
622 4509 701 4549 obilcis
716 4519 733 4552 c.

1151 4547 1168 4602 ὃ
