3270 5028
237 471 274 526 40
415 466 595 524 malms
613 466 867 522 sarmatas
885 465 1067 524 Maleam.
1103 467 1140 524 Δ.
1153 469 1232 524 1045.

237 652 342 716 vidua
364 650 593 734 Adalperonis
616 649 782 728 comitis1,
810 650 871 733 qui
892 651 930 714 in
953 652 1126 735 superiore
1148 651 1411 733 quadragesima

237 740 333 816 obiit,
364 739 431 803 sibi
454 743 634 824 paraverat
657 739 852 803 convivium
873 740 1013 816 vocatis,
1041 760 1125 823 quos
1147 738 1268 816 voluit,
1294 759 1410 803 caesar

238 828 328 892 sedit
351 829 389 891 in
411 828 582 910 colloquio
604 828 642 891 in
665 827 883 892 eminentiori
905 829 1054 910 quodam
1074 827 1256 892 vestibulo.
1295 827 1410 910 Igitur

238 917 358 980 fracto
377 909 528 999 *angulis
547 915 757 980 vestibulum
780 917 931 981 concidit
953 920 990 981 et
1011 937 1130 982 omnes
1153 917 1281 1000 pariter
1304 915 1511 990 consi-asoa.

136 1019 189 1061 Μαί.
198 1021 230 1062 1⁹.
239 1005 360 1069 dentes
383 1005 509 1069 obruit.
556 1004 681 1069 Caesar
703 1005 775 1087 ipse
799 1003 956 1088 plurimis
979 1023 1081 1089 super
1104 1024 1183 1069 eum
1206 1004 1409 1069 cadentibus

238 1092 376 1158 infimus
406 1094 547 1170 cecidit,
579 1093 654 1156 Deo
683 1095 801 1156 tamen
830 1096 1033 1176 protegente
1067 1094 1187 1159 mortis
1220 1093 1410 1177 periculum

238 1183 356 1257 evasit,
380 1185 516 1265 praeter
537 1182 630 1264 quod
652 1180 862 1263 subsequens
883 1181 1018 1264 lignum
1033 1181 1222 1259 brachium,
1246 1183 1339 1264 quod
1356 1180 1410 1244 illi

238 1273 457 1353 opposuerat,
489 1269 722 1334 decorticavit.
768 1269 863 1332 Prun
889 1273 1006 1334 autem
1037 1271 1149 1334 dictus
1173 1271 1351 1354 episcopus
1374 1273 1410 1333 et

167 1358 472 1421 manlmmannus
501 1357 806 1441 Ebarespcrgensis
841 1358 946 1422 abbas
975 1358 1096 1424 fractis
1126 1359 1297 1434 cruribus,
1333 1379 1409 1422 con·

237 1447 407 1528 quassatis
436 1446 649 1530 corporibus,
685 1450 862 1529 materque
896 1446 1046 1510 familias
1081 1448 1297 1512 semianimes
1328 1447 1409 1510 inde

238 1534 426 1612 elevantur,
450 1537 496 1598 ad
519 1535 678 1599 cubicula
700 1535 935 1619 deportantur,
963 1537 1001 1599 in
1024 1535 1161 1600 lectulis
1186 1533 1407 1610 collocantur,

237 1627 315 1706 post
334 1645 406 1687 non
425 1624 575 1687 multum
596 1623 760 1708 temporis
783 1625 965 1688 decursum
987 1625 1108 1688 eadem
1131 1623 1229 1688 clade
1253 1623 1410 1689 defuncti

237 1713 430 1795 migrarunt
446 1713 490 1776 ad
505 1712 619 1776 Deum
628 1713 650 1774 ².
694 1711 769 1776 Rex
790 1714 872 1777 inde
895 1712 1070 1796 profectus
1086 1713 1214 1796 gratias
1230 1712 1305 1775 Deo
1325 1712 1407 1793 agit,

237 1802 330 1882 quod
345 1802 389 1865 de
404 1801 556 1885 periculo
571 1801 713 1864 mortis*
731 1800 907 1878 liberatus,
925 1821 986 1884 pro
1002 1801 1066 1879 his,
1083 1821 1168 1884 quos
1183 1801 1286 1864 morti
1301 1801 1409 1884 proxi·

237 1909 311 1952 mos
341 1888 534 1971 dereliquit,
566 1889 681 1951 animo
712 1890 842 1952 auxius.
889 1889 1040 1954 Veniens
1070 1893 1187 1954 autem
1209 1888 1408 1971 Ungariam,

237 1977 332 2058 regio
360 1996 455 2040 more
485 1980 664 2060 susceptus
694 1978 857 2041 decenter
886 1981 940 2042 est
969 1981 1005 2042 et
1033 1978 1220 2042 honorifice
1242 1981 1408 2041 retentus.

135 2064 282 2128 utrasln
311 2065 386 2148 ipsa
416 2068 536 2128 sancta
564 2065 783 2130 solemnitate
812 2066 935 2130 Petrus
968 2086 1029 2130 rex
1061 2086 1206 2149 regnum
1236 2064 1409 2148 ngariae

238 2173 316 2216 cum
349 2152 471 2219 lancea
505 2155 670 2218 deaurata
702 2155 848 2219 tradidit
878 2156 1007 2219 caesari
1036 2156 1175 2219 domino
1204 2175 1266 2218 suo
1296 2173 1411 2218 coram

237 2242 331 2305 omni
365 2243 493 2326 populo
523 2263 584 2308 suo
614 2247 650 2308 et
678 2247 797 2308 nostro
806 2244 828 2304 ³.
880 2244 964 2308 Post
998 2247 1177 2327 peractum
1205 2262 1285 2306 vero
1314 2243 1410 2324 regio

237 2330 322 2393 luxu
351 2331 545 2396 convivium
575 2332 703 2396 obtulit
732 2331 786 2395 illi
816 2333 921 2396 etiam
952 2333 1026 2396 auri
1055 2332 1190 2415 pondus
1212 2331 1408 2407 maximum,

237 2421 329 2502 quod
358 2419 418 2484 ille
447 2424 562 2484 totum
590 2420 759 2484 militibus
790 2421 974 2498 distribuit,
1006 2439 1090 2503 quos
1117 2419 1155 2483 in
1182 2420 1303 2503 prioris
1327 2420 1409 2482 anni

237 2508 370 2572 victu-ici
400 2508 530 2592 praelio
559 2529 676 2572 secum
705 2502 863 2573 habuitl.
907 2509 1058 2573 cElodem
1081 2529 1171 2572 anno
1195 2508 1409 2591 Berengerus

147 2595 468 2661 ruuBattaviensis
493 2596 671 2680 episcopus
693 2598 759 2660 hac
782 2596 859 2662 luce
883 2598 1046 2681 privatin,
1078 2598 1177 2680 eique
1200 2596 1407 2680 Egilbertus,

236 2684 354 2766 regine
378 2684 587 2767 capellanus,
611 2705 784 2748 successor
807 2687 995 2749 ordinatur.

152 2793 227 2838 oeta.
344 2771 566 2852 Guntherius‚
590 2774 664 2837 vita
686 2775 855 2839 decedens
878 2774 953 2852 hac,
978 2771 1167 2838 heremita(l

343 2861 495 2946 Percipit
517 2863 554 2926 in
577 2862 680 2927 caelis
703 2862 860 2926 bravium
883 2863 1044 2946 cuiusque
1068 2864 1204 2942 latoria,

344 2948 455 3028 Quem
477 2952 571 3035 prius
594 2952 631 3015 in
654 2952 783 3015 mundo
805 2951 936 3016 tulerat
960 2953 1055 3016 carni
1078 2954 1287 3018 dominando
1297 2954 1319 3015 4.

237 3036 308 3101 Sub
339 3040 460 3103 eodem
488 3044 642 3125 tempore
671 3060 732 3105 rex
761 3040 1040 3106 Franchonefurt
1068 3044 1164 3106 venit
1193 3043 1309 3126 ibique
1339 3042 1410 3106 lan·

237 3145 398 3208 guesoere
428 3129 551 3212 cepitt
598 3128 752 3212 Cumque
782 3130 825 3193 de
855 3130 911 3195 die
940 3131 977 3194 in
1007 3132 1099 3195 diem
1128 3131 1274 3213 languor
1300 3131 1409 3212 magis

236 3215 498 3298 ingravesceret,
519 3238 622 3300 quam
638 3217 769 3301 aliquid
785 3219 1005 3295 decresceret,
1019 3219 1190 3282 Henrious
1206 3220 1276 3281 dux
1291 3219 1410 3282 Baioa-

236 3304 308 3368 riae
337 3308 373 3369 et
404 3303 487 3370 Otto
522 3307 592 3370 dux
622 3306 782 3384 Sucviae,
817 3307 1054 3391 episcoporum
1088 3306 1248 3381 nonnulli
1282 3305 1410 3386 aliique

236 3393 405 3457 nobilium
435 3415 538 3476 quam
567 3395 707 3479 plurimi
736 3395 773 3457 in
802 3415 911 3458 unum
941 3395 1222 3477 conspiraverunt
1250 3396 1411 3474 atquem

237 3480 298 3545 illo
321 3485 457 3546 mortuo
479 3502 597 3566 regem
620 3482 812 3547 exaltarent
834 3482 1023 3565 elegerunt,
1053 3480 1185 3544 scilicet
1207 3480 1408 3557 Hearicum,

237 3635 260 3685 a)
273 3635 360 3674 vertum
374 3640 409 3676 cot
423 3637 451 3674 ab
464 3636 569 3675 Aventino
583 3637 782 3686 depactionum
797 3635 899 3673 ombaum
913 3635 1004 3676 uidetur.
1064 3633 1088 3686 b)
1101 3635 1132 3672 alc
1145 3634 1228 3676 Staind.
1244 3640 1299 3674 recte
1312 3633 1411 3688 (:distrl-

237 3687 306 3739 bult);
328 3689 439 3728 habuerat
452 3699 469 3731 c.
488 3689 555 3731 Ε-Ε.
609 3692 629 3737 c)
639 3691 713 3738 pomi!
729 3688 830 3727 Avantici
843 3689 955 3730 libramus.
1009 3684 1033 3738 d)
1046 3688 1081 3726 tic
1094 3697 1168 3726 cerm
1181 3687 1241 3727 sclua
1254 3690 1277 3727 in
1290 3691 1361 3728 codice
1374 3691 1411 3728 de·

236 3742 331 3790 smptus
344 3746 381 3792 est,
396 3747 441 3781 tum
455 3746 525 3781 sanat
538 3743 625 3791 lamna,
642 3753 706 3791 quum
720 3751 747 3780 ca
761 3741 881 3780 scandalo
895 3741 985 3788 expuet

238 3865 265 3931 1)
282 3865 444 3931 Ricblc'odis,
468 3865 550 3917 vidua
567 3865 746 3916 Adulteronis
763 3864 866 3916 comitia
884 3864 1111 3932 Ebcrsdcroeaais,
1138 3867 1186 3932 qui
1203 3867 1245 3918 die
1263 3869 1306 3922 27.
1325 3868 1409 3918 Mart.

237 3938 268 3987 ia
285 3943 374 3988 castro
391 3937 554 4001 Parauaea
571 3937 630 4000 fato
647 3936 756 3999 fundus
772 3940 840 3988 erat.
912 3935 940 4002 2)
956 3936 1053 3988 Bruno
1070 3939 1206 4004 epiecopus
1223 3938 1249 3992 d.
1268 3941 1312 3993 27.
1329 3939 1409 4002 Maii,

238 4006 392 4060 Rutunda
415 4009 548 4058 comitissa
574 4007 601 4059 d.
621 4006 663 4060 12.
682 4006 756 4070 Iun„
782 4005 947 4058 nummus
970 4007 1052 4060 abbae
1075 4009 1102 4062 d.
1122 4010 1164 4062 16.
1182 4010 1297 4060 eiusdem
1315 4011 1412 4062 menas

238 4077 368 4131 obierant.
404 4078 447 4141 Cf.
464 4077 568 4130 Hcrim.
587 4077 667 4142 Auo,
688 4076 838 4128 Chronicon
855 4077 1064 4144 nortpertum
1081 4078 1145 4146 (SS.
1157 4079 1223 4145 XX,
1239 4081 1339 4148 1214),
1359 4080 1411 4130 Na

238 4149 385 4215 croloqium
409 4148 614 4212 abactam
638 4147 904 4214 (fflitzmsystericbte
928 4149 955 4204 d.
981 4150 1008 4203 k.
1026 4150 1117 4205 Alcod.
1142 4151 1168 4204 d.
1193 4151 1232 4204 W.
1256 4166 1292 4201 au
1316 4151 1409 4215 Wien’,

235 4220 411 4287 philos-hiat.
431 4218 479 4283 cl,
499 4219 579 4282 LIII,
596 4234 625 4285 p.
644 4219 711 4282 237)
735 4225 759 4270 ct
777 4219 934 4285 Steiadorff,
955 4221 1146 4273 ‘Jatrtatcr’
1164 4221 1189 4286 I,
1206 4238 1234 4288 p.
1253 4223 1314 4286 231,
1338 4237 1365 4276 a.
1385 4223 1410 4276 2.

238 4292 265 4356 3)
283 4289 383 4343 Petrus
401 4305 450 4342 rex
467 4287 573 4356 inipso
590 4291 685 4342 sancta
702 4287 823 4357 paschali
841 4291 923 4357 (εἰσί)
941 4291 1104 4345 solennitate
1122 4307 1238 4360 regnum
1251 4289 1412 4360 Hungariae

238 4377 302 4415 cum
320 4361 451 4416 deaurata
473 4359 568 4413 lances
589 4359 702 4413 tradidit
720 4375 813 4414 coram
830 4359 971 4433 Hungaris
989 4362 1070 4416 simul
1088 4365 1116 4416 et
1135 4360 1292 4416 Teutonicis
1310 4361 1411 4416 multis.

241 4433 367 4486 llcwrocz
381 4450 411 4500 p.
425 4432 485 4486 126.
556 4432 585 4500 4)
603 4432 644 4497 Of.
662 4433 768 4488 ΗΜ.
786 4434 858 4500 Aua.
1290 4480 1293 4486 ,
