3270 5028
251 441 287 496 58
431 435 612 492 ANNALES
630 434 883 492 ALTAHENSES
901 433 1084 492 MAIORES.
1119 435 1248 491 A.1061.

178 621 326 687 naseins
356 639 573 702 sororemque
607 618 781 704 propriam
815 617 961 682 abduxit
994 637 1111 682 secum
1143 617 1182 679 in
1211 616 1424 695 Franciaml,

253 708 361 774 donec
400 710 645 792 pertractasset
683 707 832 790 sapienti
866 706 1009 770 oonsilio
1047 706 1242 790 principum
1275 726 1424 781 suorum,

252 797 403 880 qualiter
431 797 514 882 ipsis
542 798 775 879 recuperaret,
806 796 899 878 quod
928 795 1128 871 amiserant,
1158 813 1314 877 regnum.
1361 794 1426 859 Bel

182 889 379 962 necantem,
411 886 470 968 qui
501 887 605 969 caput
634 887 670 948 et
700 903 804 948 causa
826 884 950 946 horum
973 887 1048 948 erat
1070 882 1249 960 malorum,
1279 884 1426 946 nimium

252 975 428 1058 gaudebat
457 993 606 1058 sperans,
638 991 674 1036 se
697 991 821 1055 aroge
850 972 977 1057 pacisci
1006 991 1093 1054 quae
1121 971 1238 1048 vellet,
1267 992 1329 1056 per
1357 991 1424 1049 cos,

253 1083 337 1146 qnos
361 1066 508 1148 ceperat.
547 1060 648 1139 Quod
671 1080 749 1124 oum
771 1061 905 1125 videret
927 1061 972 1124 ad
994 1062 1114 1124 votum
1137 1080 1238 1124 suum
1260 1081 1331 1124 non
1352 1081 1425 1144 pro

252 1152 383 1228 venire,
415 1151 496 1233 quia
522 1149 704 1214 Teutonici
732 1168 830 1231 reges
859 1169 930 1212 non
960 1148 1071 1213 solent
1102 1149 1204 1212 minis
1235 1149 1426 1233 cuiuspiam

251 1240 373 1304 terreri
395 1239 452 1304 vel
475 1239 630 1314 oedere‘,
661 1237 859 1321 episcopum
885 1237 980 1301 ultro
1005 1257 1026 1300 a
1048 1237 1252 1321 captivitate
1281 1237 1424 1315 relaxat,

253 1327 339 1392 alios
362 1331 480 1392 autem
502 1327 617 1390 adhuc
640 1345 756 1390 secum
776 1326 932 1390 retinuit.
980 1325 1048 1390 Sed
1065 1346 1143 1390 cum
1158 1326 1426 1408 generositatem

252 1435 371 1480 eorum
392 1416 463 1480 iam
485 1415 664 1479 didicisset
685 1433 774 1491 vere,
798 1415 872 1498 ipse
895 1415 1129 1478 marchionem
1153 1415 1245 1499 oepit
1267 1414 1424 1492 invitare,

252 1504 360 1568 filiam
389 1525 487 1568 suam
515 1504 552 1566 in
583 1503 782 1586 coniugium
811 1503 976 1587 accipere.
1023 1501 1125 1580 Quod
1154 1522 1233 1566 cnm
1262 1502 1323 1567 ille
1352 1523 1425 1586 pro·

252 1593 400 1658 misisset
423 1612 459 1658 se
481 1592 673 1668 facturum,
705 1591 864 1655 dimissus
895 1593 940 1655 ad
968 1592 1117 1675 patriam
1145 1591 1250 1655 rediit
1279 1588 1425 1674 moxque

252 1682 345 1746 diem
375 1685 566 1746 extremum
595 1680 722 1744 clausit
731 1681 753 1742 ².
800 1680 923 1763 Sicqne
953 1699 1044 1744 anno
1067 1680 1225 1762 sequenti
1249 1680 1355 1744 etiam
1376 1699 1425 1744 re·

252 1769 339 1853 liqui
362 1791 480 1834 omnes
503 1791 524 1833 a
547 1769 749 1853 captivitate
773 1772 856 1832 sunt
876 1769 1033 1833 relaxati.

358 1859 424 1922 His
459 1859 565 1922 etiam
599 1857 720 1922 diebus
753 1857 865 1921 Roma
901 1857 1067 1922 intestino
1106 1857 1199 1922 bello
1233 1856 1423 1934 laborabat,

253 1948 424 2029 quoniam,
452 1946 585 2009 utiam
609 1946 765 2023 diximus,
794 1946 935 2028 quidam
958 1946 1098 2009 illorum
1120 1945 1164 2009 ob
1187 1946 1336 2028 gratiam
1359 1945 1425 2029 epi·

252 2036 347 2119 scopi
380 2033 575 2098 Parmensis
605 2033 802 2098 Alexandro
836 2054 907 2098 non
941 2034 1242 2098 communicabant
1277 2038 1312 2098 et
1346 2054 1426 2097 cum

252 2123 340 2188 hoo⁸
363 2123 460 2205 quasi
482 2122 587 2188 fidem
608 2123 682 2206 regi
699 2123 891 2200 servabant,
916 2123 1079 2206 quoniam
1094 2123 1138 2188 ab
1154 2123 1228 2207 ipso
1244 2122 1426 2186 laudatum

252 2213 445 2277 audierant.
507 2210 559 2277 Ob
598 2212 688 2277 hanc
726 2212 834 2295 igitur
872 2232 1010 2276 oausam
1048 2211 1156 2294 legati
1192 2211 1425 2275 Romanorum
1527 2235 1529 2238 ·

146 2323 203 2374 sug.
211 2323 243 2367 15.
252 2303 447 2384 Augustam
481 2320 621 2377 venere,
658 2321 737 2364 oum
769 2320 829 2365 rex
862 2300 912 2363 ibi
947 2301 1223 2384 adsumptionem
1253 2299 1424 2384 Deiparae

252 2390 404 2473 Virginis
434 2393 552 2473 ageret
582 2391 618 2453 et
646 2389 807 2472 generale
835 2389 1055 2471 conloquium
1082 2389 1237 2453 haberet.
1290 2389 1342 2451 Ex
1370 2389 1424 2451 his

251 2499 332 2544 vero
359 2480 452 2542 idem
476 2477 653 2561 episcopus
676 2497 766 2540 unus
790 2481 874 2554 erat,
905 2479 965 2560 qui
987 2477 1224 2542 Alexandrum
1253 2497 1424 2542 consecra·

251 2570 357 2632 verat.
404 2566 440 2629 Is
465 2584 545 2647 ergo
569 2568 710 2648 accepto
735 2566 872 2628 dicendi
895 2566 971 2630 loco
993 2565 1058 2630 tali
1080 2565 1264 2650 perorabat
1287 2558 1422 2630 mosol:

254 2654 470 2730 ‘Succurrite,
496 2653 727 2736 potentissimi
749 2653 931 2736 principes,
963 2654 1185 2719 ecclesiarum
1208 2655 1320 2732 matri,
1352 2674 1424 2718 suo·

253 2743 379 2806 currite
403 2739 612 2825 apostolicae
636 2742 718 2804 sedi.
765 2741 854 2806 Ecce
884 2743 986 2820 enim,
1019 2763 1097 2806 oum
1126 2762 1243 2807 omnes
1274 2762 1334 2826 per
1363 2763 1425 2806 vos

252 2831 289 2893 in
311 2851 394 2913 pace
419 2831 534 2912 agant,
564 2829 638 2892 sola
658 2828 816 2893 Romana
839 2830 983 2895 ecclesia
1006 2831 1107 2895 bellis
1131 2831 1305 2896 intestinis
1328 2851 1423 2913 quas-

252 2922 348 2984 satur
363 2939 423 3003 per
438 2918 685 2995 Alexandrum,
710 2919 769 3001 qui
792 2939 828 2982 se
851 2939 977 3002 papam
998 2920 1165 2996 nominat,
1191 2921 1282 3001 quod
1304 2923 1423 2984 tamen

251 3028 322 3071 non
345 3009 398 3071 est
420 3025 484 3070 nec
506 3026 659 3089 unquam
682 3007 758 3084 erit,
789 3007 958 3090 siquidem
989 3008 1031 3071 de
1056 3029 1095 3071 eo
1118 3008 1208 3072 iuste
1231 3009 1423 3072 iudicatum

251 3096 368 3160 fuerit.
414 3094 495 3158 Non
511 3094 603 3158 enim
626 3115 668 3159 ex
683 3116 851 3160 consensu
873 3096 973 3178 regis,
997 3099 1119 3180 utpote
1142 3097 1280 3180 patricii
1302 3097 1420 3174 nostri,

251 3187 292 3248 ut
314 3187 432 3268 pastor
454 3183 492 3245 in
515 3183 604 3247 ovile
627 3185 778 3262 intrarit,
810 3186 870 3250 sed
901 3184 983 3247 data
1009 3185 1157 3268 pecunia
1178 3184 1420 3262 Nordmannis,

251 3272 398 3336 inimicis
421 3271 585 3336 videlicet
606 3273 738 3350 vestris,
769 3276 810 3336 ut
832 3273 890 3336 fur
913 3277 949 3336 et
972 3273 1062 3336 latro
1086 3272 1226 3337 aliunde
1256 3273 1421 3338 ascendit.

251 3361 340 3426 Ecce
376 3361 496 3426 adsum
531 3379 594 3442 ego
629 3361 717 3444 ipse,
757 3362 817 3444 qui
851 3382 930 3426 eum
965 3363 1175 3438 consecravi,
1215 3363 1276 3426 sed
1309 3361 1424 3426 Deum

251 3452 370 3526 testor,
401 3449 483 3531 quia
504 3448 575 3511 vim
601 3449 736 3532 patiens
760 3454 795 3514 et
819 3453 957 3514 coactus
981 3450 1148 3514 hocfeci.
1196 3449 1421 3534 Quapropter,

251 3538 430 3602 iustissimi
452 3536 592 3614 iudices,
617 3557 752 3619 quaeso,
781 3539 863 3602 huio
886 3539 985 3623 pesti,
1016 3539 1099 3602 dum
1121 3542 1258 3622 tempus
1281 3543 1343 3615 est,
1368 3538 1423 3603 ob-

250 3626 353 3701 viate,
376 3646 421 3689 ne
438 3625 551 3708 capite
566 3625 723 3689 morbido
743 3630 962 3710 putrescente
986 3628 1093 3692 etiam
1114 3628 1248 3709 reliqua
1269 3627 1424 3691 membra

253 3714 354 3778 citius
378 3714 547 3798 incipiant
571 3712 814 3796 languescere'.
853 3715 919 3778 His
935 3735 1017 3798 ergo
1037 3716 1073 3778 in
1089 3716 1184 3779 curia
1200 3716 1337 3792 auditis,
1364 3715 1424 3778 diu

251 3801 468 3883 multumque
486 3806 538 3866 est
554 3802 794 3886 disceptatum,
819 3803 985 3885 quidnam
1007 3823 1108 3887 super
1131 3805 1197 3868 hoc
1219 3807 1308 3868 esset
1324 3823 1424 3885 agen-

252 3892 344 3967 dum,
369 3892 450 3973 quia
474 3891 639 3974 episcopis
662 3911 726 3955 neo
749 3893 879 3955 iustum
901 3911 965 3955 neo
988 3891 1092 3956 facile
1107 3892 1301 3968 videbatur,
1327 3892 1424 3955 disci·

83 3966 351 4069 „mhfffsostqpulos
366 3979 518 4045 iudicare
534 3980 748 4062 magistrum.
779 3980 932 4043 Tandem
945 3999 1035 4063 ergo,
1051 3980 1147 4044 facta
1163 3977 1422 4056 deliberatione,

251 4067 404 4131 mittitur
419 4067 596 4152 episcopus
612 4066 928 4133 Halberstatensis⁰
950 4089 1027 4132 oum
1049 4069 1140 4150 regis
1157 4073 1193 4133 et
1209 4069 1425 4151 quorundam

250 4222 273 4276 a)
287 4221 383 4264 caedere
397 4233 414 4265 o.
467 4220 492 4273 b)
505 4222 553 4262 loco
567 4232 584 4264 c.
638 4225 660 4271 c)
672 4223 864 4262 Halbarstatensis
877 4233 895 4266 c.

252 4330 278 4396 1)
288 4329 412 4413 ,Βίαηῳί
432 4344 475 4383 nr.
494 4329 573 4384 2593.
651 4328 679 4395 2)
697 4329 738 4393 Cf.
757 4328 929 4381 Mendacium
947 4329 1166 4384 a.1061.1062.
1238 4326 1266 4394 3)
1284 4327 1427 4380 Permessi

250 4415 374 4468 apocope.
