3268 5036
380 427 559 482 ANNALES
578 425 830 481 ALTAHENSES
849 425 1031 484 MAIORES.
1066 426 1102 482 A.
1116 430 1194 483 1042.
1336 431 1369 482 31

200 613 396 698 paucissimi
412 614 605 676 evaserunt.
651 609 732 672 Dux
747 614 873 687 autem,
895 610 951 673 vix
973 609 1059 692 tuga
1075 609 1210 693 elapsus
1234 614 1270 674 et
1293 611 1443 692 equitur.

201 702 353 766 subsidio
368 701 463 764 ultra
478 720 603 782 aquam
616 702 844 774 transvectus,
869 701 1109 782 praesentatus
1129 699 1202 781 regi
1218 700 1372 783 percepit

201 812 262 874 pro
291 791 448 854 mercede
478 788 657 852 oculorum
691 787 810 852 usibus
842 807 967 852 carere.
1027 787 1102 851 Mos
1136 808 1284 870 namque
1320 791 1373 852 est

200 879 328 945 milites
352 879 473 942 donari
491 877 656 960 ,felicibus
680 877 849 961 praemiis,
873 877 939 940 iste
956 876 1143 940 destitutus
1168 881 1220 941 est
1243 877 1373 940 ducatu

201 969 367 1050 donisque
391 966 525 1031 divinis.
572 967 649 1029 Hac
672 967 715 1029 de
739 965 896 1029 mercede
912 964 1164 1041 manifestatur,
1189 985 1276 1048 quae
1300 966 1373 1050 ipse

202 1060 237 1121 et
267 1075 429 1139 sequaces
459 1056 532 1120 eius
561 1055 744 1119 iecerintss.
797 1052 864 1118 Per
897 1054 990 1118 idem
1023 1057 1161 1137 tempus
1192 1054 1299 1137 aliqui
1330 1055 1372 1118 de

201 1146 356 1229 Ungaria
379 1144 507 1228 egressi
522 1147 643 1207 contra
659 1142 881 1207 Oarintheam
897 1143 1159 1226 captivaverunt
1181 1143 1373 1208 innumera·

201 1234 307 1299 bilem
337 1233 510 1318 praedam.
557 1232 626 1296 Sed
649 1230 831 1296 Gotefrido
860 1230 1081 1296 marchione¹
1111 1232 1374 1316 superveniente

202 1327 238 1388 et
262 1324 399 1387 eosdem
428 1321 625 1396 invadente,
656 1340 774 1383 omnes
804 1319 1041 1383 occubuerunt
1070 1324 1208 1403 praeter
1236 1340 1373 1404 paucos,

202 1413 262 1493 qui
291 1410 443 1474 latenter
473 1408 681 1489 effugerunt.
729 1406 908 1471 Uatiniani
938 1411 1064 1485 autem,
1096 1409 1298 1492 captivitate
1326 1429 1374 1472 re·

204 1503 314 1582 cepta,
338 1499 480 1560 ovantes
504 1496 650 1578 regressi
673 1498 755 1559 sunt
778 1497 822 1558 ad
845 1497 984 1579 propria
993 1498 1014 1556 ⁶².

309 1585 456 1649 Eisdem
480 1584 610 1661 diebus,
638 1583 675 1648 id
699 1584 810 1648 estin
834 1584 1125 1666 quinquagesima,
1149 1586 1299 1649 traditus
1323 1590 1376 1650 est
1385 1613 1491 1654 ranan.

203 1676 415 1760 principatus
439 1673 618 1737 Baioariae
641 1673 678 1736 in
702 1673 842 1736 civitate
859 1671 997 1737 Basilea
1019 1673 1172 1737 Henrico
1196 1675 1285 1751 duci,
1309 1675 1375 1737 fra·

202 1764 309 1829 trueli
331 1763 476 1828 Henrici
499 1763 596 1826 ducis
619 1765 655 1827 et
679 1761 837 1826 dominae
862 1760 1115 1843 Ohunigrmdae
1138 1763 1374 1846 imperatricis

203 1853 317 1916 uxoris
333 1852 477 1916 Henrici
500 1851 643 1935 piissimi
667 1854 703 1914 et
719 1851 910 1932 dignissimi
933 1851 1159 1934 imperatoris·
1198 1852 1480 1928 Pascalemlprn.

203 1963 331 2026 agnum
354 1941 479 2005 deinde
500 1960 562 2004 rex
583 1943 701 2004 noster
725 1938 909 2003 Coloniae3
932 1939 1124 2004 vietimavit
1147 1945 1183 2005 et
1206 1942 1376 2025 principes

202 2033 310 2095 totius
333 2031 432 2113 regni
456 2028 687 2111 congregavit,
717 2028 898 2092 consilium
921 2048 1088 2110 quaerens
1111 2030 1272 2113 ipsorum,
1297 2050 1376 2113 qua-

203 2120 283 2184 liter
313 2119 452 2182 obviare
482 2118 625 2182 deberet
655 2117 761 2200 gestis
784 2116 991 2200 Ungrorum.
1039 2115 1106 2195 Qui
1135 2139 1252 2182 omnes
1279 2119 1377 2184 velut

203 2230 273 2272 uno
296 2228 354 2272 ore
378 2206 560 2282 consiliati,
584 2209 713 2270 terram
728 2205 825 2268 illam
844 2206 965 2268 decere
989 2225 1068 2268 cum
1084 2207 1236 2269 exercitu
1259 2207 1376 2271 invadi

205 2301 239 2362 et
263 2296 330 2361 Dei
353 2297 501 2378 gratiam
523 2297 704 2377 temptare,
736 2293 794 2375 qui
824 2294 917 2357 iusta
946 2293 1075 2356 iudicia
1104 2293 1194 2356 nulli
1216 2294 1292 2357 vult
1322 2297 1376 2359 de·

204 2405 330 2468 negare
354 2384 484 2459 dehis,
509 2382 568 2465 qui
592 2381 720 2463 absque
744 2380 889 2445 alicuius
914 2401 1036 2445 causae
1059 2381 1253 2447 obiectione
1276 2387 1378 2447 tanta

204 2475 241 2537 in
263 2493 409 2556 regnum
424 2471 653 2536 Teutonicum
676 2471 823 2554 grassati
846 2470 988 2536 fuerant
1010 2472 1257 2555 persecutione.
1294 2472 1377 2536 Post

205 2564 291 2628 haec
314 2564 513 2645 pentecoste
529 2558 730 2643 Wirtaburg
751 2559 837 2625 fecit
860 2553 915 2624 etb
936 2558 1135 2624 Brunonem
1159 2560 1478 2646 episcopum4uuno.

205 2655 302 2715 cum⁰
323 2651 404 2715 viris
428 2654 464 2714 et
485 2649 625 2714 feminis
640 2650 735 2712 misit
755 2649 800 2712 ad
816 2649 1090 2732 desponsandam
1113 2649 1178 2713 sibi
1197 2645 1373 2714 Wilelmid

205 2740 339 2804 comitis
368 2739 592 2803 Provinciae5
621 2738 763 2802 filiam⁰.
810 2737 994 2822 Expeditio
1023 2759 1104 2803 vero
1133 2739 1229 2803 taeta
1259 2743 1311 2804 est
1340 2741 1377 2803 in

205 2849 321 2894 mense
345 2828 503 2911 sequenti
512 2828 534 2904 ⁶,
560 2829 754 2891 coadunato
779 2826 932 2890 exercitu
950 2827 1095 2910 ingenti,
1120 2828 1244 2910 quibus
1261 2829 1378 2893 divina

205 2917 438 2982 misericordia
460 2936 660 2999 prosperum
684 2936 822 2978 cursum
837 2916 1132 3000 proficiscentibus
1156 2921 1191 2982 et
1214 2938 1378 3000 magnum

206 3007 376 3068 honorem·
406 3004 556 3066 contulit
590 3003 880 3087 pervenientibus.
935 3005 1215 3069 Pertransierunt
1249 3008 1378 3071 etenim

205 3097 334 3158 terram
358 3112 399 3157 ex
422 3085 631 3173 aquilonalif
651 3095 749 3175 parte
765 3091 919 3156 Danubii
942 3092 1093 3158 fluminis
1117 3115 1220 3158 suasu
1244 3099 1280 3159 et
1303 3116 1378 3160 eon-

206 3182 283 3246 silio
304 3180 457 3245 Boemioi
480 3180 587 3256 ducis,
612 3180 671 3261 qui
693 3184 769 3243 tum
792 3180 878 3243 inibi
902 3202 972 3245 una
995 3182 1144 3246 affuerat
1167 3204 1246 3247 cum
1269 3185 1376 3269 eopia,

206 3291 294 3355 quae
317 3289 434 3353 regem
458 3270 631 3333 decuerat.
678 3268 819 3332 Incolae
843 3273 960 3334 autem
983 3271 1086 3335 missa
1109 3271 1283 3355 legatione
1306 3293 1378 3356 pro·

206 3361 328 3425 misere
359 3378 409 3436 se,
442 3357 606 3441 quicquid
635 3378 695 3422 rex
725 3357 952 3441 praeciperet,
982 3359 1072 3424 velle
1103 3361 1281 3444 perficere,
1311 3362 1378 3424 nisi

108 3468 144 3516 *a
152 3465 198 3508 voe.
206 3452 345 3512 tantum
374 3448 517 3512 Petrum
545 3467 662 3530 regem
693 3467 793 3510 suum
821 3447 987 3530 recipere,
1024 3449 1116 3530 quod
1150 3444 1285 3514 'tamen
1318 3469 1379 3514 rex

207 3555 420 3622 summopere
436 3537 594 3600 voluerat
617 3539 653 3600 et
675 3538 815 3620 propter
838 3536 930 3618 quod
950 3556 1029 3600 eum
1045 3556 1162 3600 secum
1177 3539 1378 3604 adduxerat

207 3624 394 3708 Postquam
418 3626 546 3690 etenim
569 3624 736 3688 auxilium
760 3645 859 3688 suum
887 3623 939 3687 illi
963 3624 1129 3708 promisit,
1157 3627 1246 3689 hocg
1271 3628 1307 3690 in
1330 3649 1378 3693 re·

207 3764 229 3810 a)
243 3763 304 3801 feeei
318 3773 335 3804 c.
388 3763 412 3813 b)
427 3763 442 3805 f.
456 3767 480 3802 et
494 3773 534 3804 om.
544 3764 568 3801 tn
577 3773 594 3804 c.
608 3773 635 3801 ex
644 3763 763 3802 &cindalia
777 3763 880 3810 supplevi.
934 3765 954 3810 e)
970 3763 1020 3802 aliis
1036 3759 1123 3801 idoneis
1138 3764 1378 3814 andstandands,

206 3819 230 3853 ut
244 3816 329 3864 opinor.
343 3816 408 3858 m
463 3815 487 3867 d)
496 3817 586 3856 Vilelmi
601 3827 618 3858 c.
673 3819 693 3863 e)
708 3818 763 3855 Post
772 3815 828 3855 haee
843 3837 869 3844 -
883 3815 950 3855 tilium
964 3817 1027 3864 nono
1043 3817 1166 3855 omissionis
1176 3818 1258 3866 posito,
1273 3819 1380 3856 librarius

206 3869 230 3907 la
244 3879 315 3915 mara.
329 3869 413 3911 adiecit.
434 3869 467 3917 0!-
482 3870 631 3912 Staindeh'um.
685 3869 849 3918 slaquiloniali
862 3880 879 3912 c.
933 3869 956 3921 g)
970 3870 1028 3909 hanc
1043 3881 1059 3912 c,

208 3976 234 4043 1)
253 3977 416 4041 Gotcfridua,
443 3977 519 4040 filius
536 3977 655 4028 Arnoldc'
675 3977 707 4026 de
728 3976 872 4042 tamboch,
896 3978 1020 4044 praefuit
1044 3977 1181 4028 marchiae
1206 3979 1378 4034 Cartalam.

206 4049 234 4114 2)
253 4049 294 4112 Of.
313 4048 344 4099 de
362 4048 406 4098 his
423 4046 501 4098 rebus
518 4047 622 4101 Herim.
641 4049 807 4112 Auqieaaem.
844 4049 919 4099 Keza
937 4055 960 4098 et
982 4048 1115 4114 ilrwrooz,
1142 4056 1246 4102 nostroe
1267 4051 1380 4102 annales

207 4121 295 4185 sacti,
322 4120 353 4170 de
371 4119 509 4170 industria
530 4120 620 4169 mania
638 4118 796 4182 deformant.
904 4121 931 4186 3)
949 4120 991 4184 Cf.
1010 4121 1111 4174 Annal.
1131 4120 1231 4174 Sason.
1248 4121 1340 4188 (1043)
1356 4129 1379 4173 et

208 4191 321 4258 Stumpf
334 4206 377 4244 ar.
390 4191 470 4244 2226.
541 4189 569 4255 4)
586 4190 712 4254 Praesuit
729 4191 847 4242 ambriae
864 4191 1084 4255 Wsruourrena.
1156 4191 1184 4258 5)
1199 4192 1283 4243 Immo
1295 4193 1380 4258 Aqui-

208 4264 297 4312 taniae
315 4263 398 4328 ducis,
418 4263 465 4328 qui
482 4261 598 4312 Pictam
615 4262 753 4316 resilebat.
791 4260 832 4325 Cf.
846 4261 1000 4327 Steindorff,
1027 4262 1216 4315 ‘Jahruuher’
1235 4264 1379 4330 Ι,ρ.153.

209 4334 268 4397 154,
288 4349 314 4386 a.
335 4335 359 4386 b.
384 4333 423 4398 II,
440 4350 469 4400 p.
487 4334 549 4387 443.
622 4332 649 4398 6)
666 4334 808 4398 Autumno,
828 4339 859 4383 ut
876 4333 1061 4384 Herimanaus
1077 4336 1169 4399 refert.
1206 4335 1323 4401 Haesito,
1343 4353 1379 4386 aa

208 4405 397 4454 cmmedaadum
407 4406 456 4456 ait:
469 4419 562 4456 mense
572 4401 735 4471 Septembri.
757 4405 797 4468 Cf.
808 4403 962 4469 Steindorff,
973 4404 1161 4457 ‘Jecur-bechal
1171 4407 1194 4471 Ι,
1206 4425 1233 4474 p.
1241 4409 1300 4473 159,
1316 4424 1343 4461 n.
1354 4409 1387 4462 3,
