3270 5028
252 445 287 499 90
365 439 507 497 ANNAL.
521 439 721 497 RATISBON.
734 439 871 496 MAIOR.
883 437 1165 495 FRAGMENTUM.
1192 440 1229 495 A.
1240 441 1318 496 1085.

252 625 368 689 stituti
391 625 428 687 in
452 623 600 688 Saxonis
623 623 752 709 pariter
776 643 854 687 cum
876 623 1082 706 imperatore
1105 621 1187 686 inde
1209 627 1426 686 recesserunt

252 713 379 796 absque
403 711 522 795 gloria.
569 712 715 796 Depulsi
738 715 854 776 autem
878 711 1036 796 episcopi,
1068 710 1189 774 audita
1210 711 1426 793 imperatoris

251 801 316 866 tali
340 801 554 878 discessione,
586 801 630 865 ad
653 800 826 884 episcopia
849 820 911 864 sua
933 801 1125 882 gaudentes
1150 799 1329 863 redierunt
1352 800 1426 864 sine

253 889 429 954 dilatione.
537 889 678 954 Interea
707 889 846 972 quidem
876 888 914 951 in
944 887 1140 964 Iuvavensi,
1171 887 1208 951 id
1239 890 1291 951 est
1322 887 1426 951 Salta-

251 978 424 1062 pnrgensi,
448 978 746 1062 archiepiscopatu
760 976 907 1041 Noricae
923 976 1115 1060 provintiae
1137 975 1232 1059 prius
1247 976 1426 1041 inauditae

251 1067 301 1130 ibi
340 1067 553 1131 calamitates
592 1069 819 1142 emerserrmt,
862 1083 949 1148 quae
987 1084 1106 1128 omnes
1142 1064 1239 1128 fere⁸
1281 1066 1425 1129 caesaris

252 1155 371 1220 fideles
404 1155 507 1218 nimis
541 1156 809 1238 perterruerunt.
861 1153 1004 1218 Reiecto
1034 1152 1126 1217 enim
1154 1152 1192 1215 in
1221 1152 1427 1235 Mogontina

252 1245 382 1328 synodo
417 1263 495 1306 cum
529 1242 606 1306 aliis
641 1242 807 1326 episcopis
840 1235 1285 1326 GebehardloLIuvavensi
1319 1241 1426 1304 archi·

252 1333 426 1416 episcopo,
461 1332 647 1414 imperator
679 1331 914 1415 episcopatum
944 1330 1041 1394 dedit
1071 1323 1231 1411 suolrum]
1265 1322 1422 1393 cuidamb

253 1419 391 1496 clerico,
421 1419 582 1485 Perhtolt
612 1419 705 1494 dicto
716 1417 738 1480 1.
784 1419 840 1481 Ad
868 1419 962 1481 hunc
992 1412 1253 1502 pontificaltum]
1286 1418 1426 1499 quidam

251 1528 380 1592 preses,
411 1508 618 1592 Engilpreht
647 1507 785 1571 nomine
814 1506 913 1570 miles
943 1507 1047 1584 erat2,
1079 1500 1158 1589 quii]
1190 1507 1284 1590 prius
1315 1506 1426 1570 eidem

251 1597 440 1662 Perhtoldo
463 1597 607 1661 fratrem
622 1596 744 1660 suum³
766 1596 940 1659 occiderat
962 1588 1162 1679 ipsumlquc]
1189 1614 1266 1658 cum
1293 1590 1421 1676 [sociisc

253 1681 420 1769 captulm,
452 1686 558 1749 durae
588 1684 764 1748 custodiae
794 1683 944 1766 subegit,
977 1685 1085 1748 donec
1114 1703 1171 1746 cos
1201 1683 1281 1746 inde
1312 1683 1426 1747 adhuc

252 1793 312 1837 rex
340 1793 483 1837 manens
506 1767 736 1854 Hleinricusl‘¹
761 1773 917 1837 redemit.
964 1771 1057 1835 Hinc
1079 1771 1249 1848 Perhtolt,
1275 1772 1426 1855 episcopi

251 1882 378 1927 nomen
394 1863 549 1946 adeptus,
575 1861 667 1924 dicto
687 1860 815 1944 presidi
837 1861 874 1922 in
889 1854 1114 1941 Kairenltinis
1137 1859 1222 1925 locis
1237 1860 1349 1922 multa
1364 1879 1427 1923 sua
1488 1936 1490 1940 y

252 1951 372 2033 predia
401 1949 602 2025 devastavit,
655 1943 834 2032 resesqlue]
866 1951 1008 2013 econtra
1038 1969 1116 2011 cum
1144 1949 1213 2012 suis
1237 1948 1425 2012 auxiliariis

252 2037 479 2101 Iuvavensem
500 1971 655 2119 urbelmf
666 2038 802 2115 invasit,
827 2039 935 2102 etsie
959 2057 1034 2101 eam
1058 2041 1155 2100 cum⁰
1183 2035 1267 2100 locis
1290 2036 1334 2100 ad
1350 2056 1426 2100 eam

252 2125 505 2209 pertinentibus
528 2125 680 2209 possedit
703 2125 814 2190 multo
836 2128 1000 2209 tempore,
1027 2121 1089 2207 ult]
1114 2145 1223 2188 novus
1247 2125 1425 2208 episcopus

252 2215 392 2279 interim
424 2214 625 2278 nullatenus
660 2234 735 2279 eam
769 2218 884 2298 posset
911 2215 1072 2297 recipere.
1126 2212 1316 2277 Castellum
1345 2233 1425 2276 vero

252 2303 537 2379 munitissimum,
572 2305 669 2367 iuxta
698 2305 842 2367 eandem
873 2303 994 2367 urbem
1023 2296 1179 2384 strumii,
1216 2322 1237 2365 a
1265 2301 1424 2365 fidelibus

253 2392 398 2456 caesaris
422 2395 458 2456 et
480 2393 534 2456 sui
557 2392 707 2475 episcopi
730 2395 805 2455 erat
827 2411 1027 2475 possessum,
1059 2392 1127 2474 qui,
1152 2390 1316 2472 quoniam
1338 2389 1425 2454 inibi

252 2481 383 2543 victum
412 2479 609 2544 habuerunt
639 2480 829 2562 copiosum,
864 2479 970 2543 nullis
1004 2478 1161 2543 hostibus
1195 2479 1424 2562 permiserunt

252 2567 337 2632 illuc
376 2569 450 2632 fieri
486 2569 688 2650 ingressum.
749 2568 942 2651 Imperator
983 2570 1099 2632 autem
1136 2567 1273 2651 prefata
1310 2561 1425 2649 mlalla

253 2657 395 2720 audiens
425 2657 463 2719 in
489 2655 641 2732 Frantia,
672 2657 806 2719 studuit
836 2656 964 2733 ambos,
995 2657 1192 2740 episcopum
1218 2655 1354 2719 scilicet
1384 2675 1423 2718 ac

252 2745 431 2827 presidem,
462 2764 523 2827 per
551 2744 784 2808 internuntios
813 2745 856 2808 ab
884 2744 1030 2828 inceptis
1053 2745 1153 2808 malis
1177 2736 1421 2826 compeslcelrc,

252 2833 311 2915 qui
344 2832 544 2896 nullomodo
579 2833 610 2896 ei
643 2833 827 2897 voluerunt
862 2834 1090 2916 adquiescere.
1145 2832 1280 2896 Deinde
1314 2832 1423 2896 iratus

252 2939 368 2984 caesar
392 2924 512 2984 contra
535 2921 731 3004 episcopum
753 2922 923 3005 nimisque
947 2967 955 2984 .
980 2967 988 2984 .
1014 2915 1044 2983 .f
1071 2921 1256 3005 culpasque
1280 2920 1423 3003 presidis

252 3009 501 3073 dissimulando
535 3028 614 3072 eum
646 3009 811 3073 laudabat
841 3014 877 3075 et
906 3011 1076 3075 eundemg
1108 3009 1273 3073 exercitui
1304 3013 1424 3073 contra

253 3096 402 3162 Saxones
433 3097 612 3180 aggregari
644 3092 890 3180 [impetrabatss.
937 3098 1061 3162 Secum
1089 3117 1169 3181 ergo
1192 3098 1262 3161 iam
1292 3098 1424 3180 pridem

251 3252 274 3300 e)
283 3255 336 3300 post
350 3252 402 3294 add.
415 3262 432 3294 e,
492 3251 516 3306 b)
530 3263 549 3294 a,
563 3253 590 3294 ol.
604 3262 615 3290 e
629 3263 686 3294 corr.
700 3263 716 3294 e.
777 3252 799 3304 c)
812 3254 845 3290 ita
858 3253 884 3294 G.
897 3253 967 3301 suppl.
1030 3250 1054 3302 d)
1068 3252 1096 3294 Η.
1110 3263 1135 3301 a,
1153 3253 1211 3300 quod
1230 3252 1298 3290 Waltz
1312 3253 1334 3290 in
1349 3262 1424 3290 errare

252 3315 341 3344 vacans
350 3305 449 3344 Hermen
462 3306 564 3346 reddidit.
585 3305 701 3344 Heinricue
715 3309 786 3344 autem
801 3306 859 3344 brevi
874 3309 930 3354 ante,
944 3306 1023 3344 scilieet
1032 3306 1108 3353 pridie
1118 3305 1224 3344 Calendas
1233 3305 1321 3354 Apriles
1335 3317 1354 3346 a.
1363 3305 1422 3354 1084,

252 3368 356 3396 eoronam
369 3359 505 3406 imperialem
518 3363 646 3406 susceperat.
674 3359 706 3407 Of.
726 3359 755 3401 W.
770 3359 844 3408 Meyer
861 3359 885 3396 in
903 3359 1103 3406 ‘Siteunpebericirte
1117 3359 1156 3398 der
1165 3359 1336 3406 philos-philol.
1352 3358 1425 3398 Classe

251 3411 291 3450 der
304 3411 325 3453 lc.
340 3411 358 3452 b.
372 3411 490 3450 Akademte
507 3413 547 3449 der
565 3409 834 3462 Wissenselraften',1882,
854 3412 888 3460 II,
904 3423 928 3460 p.
944 3413 989 3454 264.
1060 3411 1081 3462 e)
1100 3423 1119 3453 c.
1133 3412 1148 3454 l.
1161 3409 1191 3450 ad
1205 3422 1224 3452 e.
1239 3423 1260 3460 p.
1274 3416 1327 3460 post
1342 3412 1392 3452 aad.
1406 3422 1424 3453 e.

251 3462 270 3514 f)
284 3464 432 3504 exacerbatus
451 3465 483 3502 cel
499 3465 570 3503 simile
587 3466 673 3504 verbum
690 3465 832 3513 supplendum
849 3466 939 3506 videtur.
1007 3463 1030 3514 g)
1052 3465 1082 3506 W.
1098 3465 1170 3514 Meyer
1187 3466 1201 3507 t.
1216 3465 1230 3506 l,
1245 3476 1270 3512 p.
1285 3465 1330 3506 265.
1340 3475 1385 3512 pra
1401 3469 1424 3505 et

252 3515 348 3557 eundem
363 3518 413 3565 lepti
427 3518 481 3566 quia
495 3515 608 3568 presidem
624 3522 643 3557 et
652 3530 698 3566 pro
712 3517 857 3570 [impc]rabat
869 3519 975 3567 suppleuit
990 3517 1121 3570 [sparetus

253 3621 279 3687 1)
302 3621 349 3688 qui
375 3637 391 3674 a
414 3623 497 3691 vulgo
522 3621 675 3692 Pruuzagel
703 3622 791 3676 dictus
819 3625 872 3689 est,
900 3623 1031 3676 oriundus
1058 3622 1093 3676 de
1120 3621 1283 3690 Mcsburch,
1312 3622 1422 3675 castello

251 3690 388 3758 Bawarie,
414 3694 562 3746 aaronem
589 3695 720 3748 Gareease
745 3695 807 3760 (SS.
833 3695 945 3761 XXIII,
969 3713 998 3762 p.
1016 3694 1057 3758 8).
1146 3695 1174 3762 2)
1199 3695 1279 3758 Quem
1303 3695 1424 3760 Siyfrtdr'

252 3764 467 3832 spanhemensis
484 3773 508 3817 et
526 3765 686 3818 Ribbardae
697 3766 860 3818 Lacmtiaae
877 3767 965 3830 filiam
983 3767 1075 3832 faisse,
1095 3767 1286 3817 monasterium
1299 3766 1326 3818 S.
1341 3765 1425 3816 Paaii

251 3837 281 3886 m
300 3835 426 3886 Curiatio
447 3837 576 3902 fundasse
592 3842 616 3887 et
634 3853 660 3890 a,
675 3838 752 3892 1095.
777 3843 911 3888 mortuam
936 3853 996 3902 esse,
1022 3837 1138 3888 eiusdem
1163 3838 1321 3887 monasterii
1344 3837 1424 3886 codex

251 3907 430 3957 traditiosam
454 3909 557 3959 saecuto
575 3907 643 3962 XII.
662 3914 710 3959 cat
727 3908 812 3962 XIII.
835 3908 955 3959 tarditas
973 3909 1070 3958 asserit
1088 3906 1296 3974 (Aaleersbofea,
1318 3907 1423 3957 ‘Hand-

252 3976 317 4027 buch
335 3978 384 4028 der
403 3977 552 4031 Gescbebhte
569 3979 614 4030 des
631 3978 841 4044 Herzopthames
858 3978 993 4029 Karatea'
1011 3978 1052 4043 II,
1069 3995 1097 4044 p.
1116 3979 1169 4033 908
1187 3980 1264 4044 spa).
1301 3977 1340 4029 Re
1361 3993 1424 4028 cera

251 4044 415 4115 Engilpreht
433 4064 523 4101 comes
542 4047 576 4101 de
596 4047 745 4116 Spanheim
771 4051 843 4101 testis
868 4050 983 4100 occurrit
1007 4049 1147 4100 cuiusdam
1169 4050 1327 4100 traditionis
1342 4063 1423 4114 prae-

251 4125 320 4170 sente
346 4118 541 4186 archiepiscopo
568 4120 721 4172 Gehehardo
748 4120 785 4170 ad
811 4121 899 4171 altare
923 4119 952 4174 S.
971 4119 1047 4171 Petri
1070 4120 1278 4186 Salzparpeasis
1304 4118 1423 4170 ecclesiae

251 4190 338 4253 factae
362 4190 573 4256 (‘Notizeablatt,
599 4191 709 4257 Beilape
733 4207 793 4241 eam
812 4190 914 4242 Arabia
937 4191 987 4255 fiir
1005 4191 1102 4242 Kande
1126 4190 1354 4242 deterreichiscber
1374 4190 1424 4240 Ge·

250 4260 476 4326 schicbtsqueilea'
499 4262 545 4327 VI,
568 4279 596 4328 p.
616 4262 672 4326 67).
745 4261 772 4326 3)
789 4261 965 4313 Bertbobtum
983 4259 1017 4313 de
1035 4259 1194 4327 Mosburch,
1213 4259 1327 4312 fratrem
1346 4259 1423 4312 nobi·

250 4329 345 4382 lissimi
368 4330 498 4398 principis
522 4330 675 4384 Purchardi
698 4331 809 4384 nomine
835 4333 926 4398 faisse,
952 4339 1046 4384 auctor
1069 4333 1144 4384 Vitae
1166 4331 1310 4383 Obanracli
1332 4331 1423 4382 archi-

249 4403 364 4470 episcopi
381 4402 594 4468 Satisbarqensis
612 4403 674 4470 (SS.
693 4402 745 4468 XI,
761 4420 790 4471 p.
810 4404 859 4467 66)
876 4405 1010 4471 caeperit.
1083 4403 1111 4469 4)
1128 4400 1363 4470 Hohensalzburg.
