3270 5028
248 497 283 550 70
425 490 606 547 ANNAIAES
625 488 880 545 ALTAHENSES
898 488 1080 546 MAIORES.
1117 489 1152 546 A.
1167 491 1245 546 1065.

243 697 384 753 venere,
427 675 543 757 ibique
580 695 601 738 a
636 675 723 739 duce
759 678 795 737 et
829 673 1030 757 0001110010ει
1068 671 1138 735 11110
1172 672 1302 736 retenti
1337 673 1422 736 duas

243 765 469 848 heptomadas
490 763 593 826 inviti
607 763 777 827 resedere.
813 762 966 825 Tandem
981 761 1088 843 igitur
1105 761 1245 837 dimissi,
1270 760 1320 822 ΙΙ.
1337 760 1422 824 Idus

138 875 234 926 spen.
243 852 373 936 Aprilis
397 852 574 915 civitatem
598 854 755 914 sanctam
779 853 861 913 sunt
883 849 1039 931 ingressi.
1075 848 1234 926 Quantus
1251 868 1332 931 ergo
1348 848 1421 912 illic

243 941 322 1004 fons
346 940 565 1004 lacrimarum
590 940 635 1002 sit
659 938 799 1015 effusus,
825 941 972 1020 quantas
993 940 1028 1000 et
1044 958 1147 1020 quam
1162 957 1265 1021 puras
1281 957 1422 1021 precum

244 1030 375 1093 hostias
406 1028 481 1091 Deo
515 1026 776 1104 inmolaverint,
813 1047 916 1108 quam
950 1025 1054 1088 hilari
1088 1029 1206 1090 mente
1240 1026 1310 1088 iam
1343 1029 1422 1109 post

115 1141 206 1191 rma,
216 1141 235 1184 r.
244 1117 356 1180 multa
379 1117 525 1200 suspiria
549 1115 827 1179 decantaverint:
858 1112 1075 1177 Adorabimas
1097 1111 1134 1177 ia
1157 1113 1230 1194 loeo,
1261 1111 1422 1177 011101010-

243 1210 321 1268 runt
336 1206 433 1285 pedes
456 1201 532 1284 aas,
558 1201 634 1285 quis
657 1203 771 1267 verbis
796 1203 966 1286 explicare
990 1197 1156 1285 'poteritl
1202 1201 1339 1267 Ibidem
1361 1203 1523 1284 igi-aaa.

243 1297 302 1356 tur
325 1312 386 1376 per
408 1292 505 1356 XIII
528 1292 601 1356 dies
630 1291 754 1354 intima
785 1291 967 1355 devotione
990 1293 1072 1354 vota
1094 1311 1157 1354 sua
1179 1290 1329 1354 Domino
1359 1291 1422 1354 sol-

243 1384 374 1458 ventes,
398 1381 541 1445 tandem
566 1381 610 1443 ad
625 1379 809 1442 Ramulam
831 1379 1076 1462 regrediuntur
1099 1382 1250 1443 ovantes.
1290 1379 1421 1443 Arabes

246 1473 363 1534 autem
386 1468 497 1533 multo
521 1467 637 1552 plures
660 1469 814 1550 undique
838 1469 1079 1544 convenerant,
1104 1487 1290 1549 omnesque
1307 1467 1421 1531 aditus

246 1558 380 1622 viarum
403 1560 519 1621 mente
544 1555 781 1620 crudelissima
795 1556 999 1619 insidiantes
1016 1555 1235 1632 obsederunt,
1260 1557 1422 1639 quoniam

247 1649 437 1712 extractam
460 1645 526 1708 sibi
550 1646 592 1709 de
616 1644 776 1708 faucibus
799 1645 962 1728 praedam
977 1644 1123 1706 nimium
1139 1643 1314 1708 dolebant.
1354 1644 1422 1708 Sed

246 1736 313 1798 hoe
335 1734 446 1798 nostri
468 1753 539 1798 non
560 1733 770 1816 ignorantes,
794 1754 874 1796 mox
889 1732 1166 1814 negociatoribus
1189 1732 1260 1795 illis
1278 1732 1423 1796 naulum
1525 1800 1527 1803 ,

182 1825 370 1887 foedantes
393 1826 604 1904 ventumque
628 1824 749 1905 aptum
772 1820 1003 1896 observantes,
1034 1840 1158 1885 navem
1182 1822 1420 1898 ascenderunt,

185 1933 238 1974 00.
247 1929 477 1995 prosperoque
501 1929 603 1972 cursu
627 1913 748 1972 octavo
772 1909 828 1972 die
850 1910 887 1971 in
902 1913 1006 1992 portu
1021 1908 1117 1973 urbis
1133 1909 1294 1991 Aliquiae
1318 1910 1423 1993 appli-

249 2000 405 2062 cuerunt·
452 1997 535 2060 Post
559 1996 692 2080 aliquot
716 2016 797 2079 ergo
821 1997 893 2061 dies
917 2000 1094 2061 moventes
1111 1998 1242 2075 exinde,
1268 1998 1422 2081 quamvis

247 2108 319 2150 non
349 2086 422 2150 sine
452 2105 578 2168 magno
607 2085 726 2150 labore
757 2088 792 2149 et
823 2085 1049 2162 difficultate,
1083 2089 1201 2150 tamen
1231 2086 1316 2150 laeti
1345 2090 1423 2170 post

175 2193 179 2204 ·
248 2175 354 2258 longa
369 2174 503 2238 viarum
526 2175 641 2258 spacia
664 2175 701 2236 in
718 2173 844 2237 finibus
859 2173 1034 2256 Ungariae
1059 2177 1094 2238 et
1117 2175 1154 2236 10
1176 2175 1253 2259 ripa
1268 2174 1422 2238 Danubii

246 2263 399 2327 fluminis
421 2264 564 2327 tandem
586 2263 779 2328 consedere.
827 2261 895 2326 Sed
917 2262 1028 2325 fallax
1050 2264 1116 2326 hoo
1141 2264 1316 2327 saeculum
1339 2263 1422 2346 quid

247 2351 381 2416 laetum
409 2373 563 2434 unquam
592 2351 717 2415 habuit
751 2354 812 2414 aut
845 2351 939 2415 laeto
974 2350 1042 2414 fine
1076 2352 1302 2416 terminavit?
1347 2352 1423 2415 Iam

248 2442 341 2504 enim
363 2441 493 2504 flumen
508 2441 622 2522 ipsum
636 2431 881 2516 transierantb,
905 2439 975 2501 iam
991 2459 1027 2503 se
1043 2440 1177 2522 patriae
1193 2441 1422 2523 propinquare

249 2529 458 2612 gaudebant,
484 2531 519 2590 et
543 2547 621 2590 ecce
646 2547 747 2610 saepe
772 2528 885 2591 dictus
908 2527 960 2590 vir
983 2527 1140 2592 inlustris
1157 2528 1316 2612 pontifex
1332 2527 1424 2592 Gun-

247 2618 378 2693 therus,
402 2616 500 2679 velut
523 2615 592 2677 iam
616 2615 659 2678 de
683 2615 738 2678 die
761 2615 881 2678 mortis
898 2635 979 2679 suae
995 2617 1177 2699 praescius,
1203 2618 1240 2679 in
1258 2618 1333 2700 ipsa
1348 2617 1424 2700 ripa

246 2704 400 2767 fluminis
415 2722 507 2786 genu
523 2704 560 2765 in
575 2706 703 2766 terram
718 2703 823 2780 flexit,
845 2705 1041 2786 terramque
1058 2704 1272 2768 exosculans:
1300 2703 1420 2782 ‘Laus',

247 2793 371 2874 inquit,
391 2789 435 2855 ‘et
451 2791 642 2873 gratiarum
658 2791 748 2854 actio
764 2790 839 2855 Deo
856 2792 1096 2876 omnipotenti,
1121 2793 1179 2874 qui
1202 2813 1257 2856 me
1280 2793 1318 2855 10
1336 2794 1422 2856 haec

248 2881 325 2946 loca
347 2879 518 2963 perduxit.
556 2879 648 2942 Nam
662 2879 859 2961 ubicunque
883 2880 952 2943 iam
975 2881 1048 2964 ipse
1072 2881 1291 2944 constituerit
1307 2880 1422 2944 obitus

248 2969 317 3032 mei
332 2969 452 3031 horam
467 2967 522 3032 vel
538 2968 661 3045 locum,
687 2971 801 3032 certus
817 2971 1038 3046 tamencum,
1062 2969 1143 3051 quia
1158 2969 1277 3032 fideles
1292 2969 1361 3034 mei
1378 2970 1423 3032 ad

249 3055 475 3139 Babenpereh
499 3055 656 3120 deferent
679 3076 801 3140 corpus
824 3057 960 3121 menm'.
1003 3057 1095 3135 Quid
1118 3057 1253 3120 multa?
1291 3057 1423 3122 Eadem

248 3146 335 3210 hora
363 3145 482 3209 morbo
514 3145 706 3228 corripitur,
742 3165 806 3208 nec
835 3148 955 3209 tamen
987 3145 1030 3209 ab
1060 3146 1185 3210 itinere
1214 3147 1421 3223 retardatur,

250 3235 358 3298 donec
374 3233 531 3317 pervenit
550 3233 594 3296 ad
609 3233 740 3310 urbem,
765 3253 852 3316 quae
869 3233 1016 3298 Deserta
1031 3234 1153 3298 civitas
1169 3238 1391 3318 nuncupatur
1401 3233 1422 3296 1.

249 3323 306 3386 Ibi
330 3341 411 3404 ergo
433 3341 504 3384 non
521 3320 640 3385 valens
664 3322 795 3385 diutius
818 3322 937 3386 morbo
960 3322 1134 3400 reluctari,
1159 3324 1220 3388 sed
1243 3344 1305 3407 pro
1329 3326 1423 3387 certo

250 3411 369 3488 sciens,
401 3410 470 3472 iam
493 3410 766 3493 appropinquare
791 3411 882 3474 diem
906 3410 1054 3488 obitusl,
1085 3411 1197 3475 tribus
1221 3411 1291 3475 illis
1316 3411 1424 3495 coepi-

250 3499 360 3582 scopis
384 3497 528 3580 aliisque
553 3498 785 3582 compluribus
809 3499 896 3563 sacri
920 3498 1049 3562 ordinis
1072 3499 1154 3563 viris
1177 3499 1274 3564 facta
1294 3499 1423 3563 confes·

243 3588 354 3664 sione,
386 3587 498 3650 sancti
527 3586 594 3650 olei
625 3586 801 3651 delibutus
830 3587 1009 3665 unctione,
1042 3591 1077 3652 et
1107 3592 1266 3672 suscepto
1295 3588 1423 3652 viatico

157 3696 240 3740 ruer.
250 3674 414 3738 dominici
430 3675 579 3758 corporis
596 3679 631 3740 et
647 3676 833 3758 sanguinis,
858 3676 902 3738 X.
919 3675 999 3738 Kal.
1016 3677 1167 3758 Augusti
1183 3677 1279 3741 obiit.
1317 3676 1422 3741 Ouius

250 3783 372 3847 corpus
403 3763 521 3828 fideles
551 3763 605 3827 1111
635 3765 776 3828 comites
806 3767 842 3828 et
872 3765 1064 3848 coepiscopi
1086 3764 1318 3829 lamentantes
1341 3765 1422 3829 inde

249 3851 406 3916 levavere
430 3856 475 3930 et,
499 3853 580 3935 qnia
602 3853 751 3916 maxima
769 3853 958 3916 multitudo
974 3852 1129 3916 fidelium
1153 3854 1235 3930 eius,
1260 3852 1356 3917 aliud
1380 3854 1423 3916 de

251 3960 290 4005 00
315 3941 536 4024 sperantium,
561 3941 763 4005 occurrebat
780 3941 932 4018 cottidie,
958 3961 1037 4004 cum
1054 3941 1189 4024 ingenti
1212 3940 1311 4005 luctu
1333 3959 1422 4025 pene

249 4142 272 4189 a)
285 4137 419 4190 oppidaneis
433 4149 450 4183 c.
503 4139 527 4188 b)
542 4139 690 4180 transsierant
703 4151 720 4183 c.
775 4139 796 4191 c)
809 4140 854 4188 1000
868 4137 890 4181 d.
904 4148 925 4182 0.
939 4138 954 4182 l.
968 4139 1151 4190 appropInqnsre
1164 4142 1179 4188 (ε
1186 4139 1309 4192 reluctari).

250 4308 277 4375 1)
295 4307 456 4371 Ocdeadury.
492 4307 549 4359 Hoc
566 4309 682 4360 civitatis
698 4323 792 4359 000100
809 4309 890 4359 ettam
908 4308 1055 4361 Aventinae
1072 4309 1102 4359 in
1119 4310 1243 4372 margine
1260 4309 1356 4360 00111010
1373 4308 1423 4359 ad·

249 4380 366 4446 scripsit.
402 4377 486 4430 Altae
508 4379 725 4444 (Weisceaburg)
751 4378 917 4432 Ganthcrius
940 4380 999 4444 fato
1023 4380 1131 4444 sunaus
1155 4394 1208 4430 esse
1231 4380 1261 4430 in
1282 4380 1343 4431 Vita
1361 4379 1422 4431 Alt-

249 4450 345 4501 maam'
362 4447 425 4514 (SS.
443 4448 511 4516 XII,
528 4465 557 4516 p.
575 4450 643 4512 230)
661 4450 769 4504 dicitur.
