3268 5036
491 463 672 520 ANNffls
690 464 944 522 ALTAHENSES
962 465 1145 524 MAIORES.
1350 464 1410 524 VH

234 647 298 731 [In
319 646 465 729 morplue
491 653 520 712 et
541 646 626 712 inter
648 647 751 713 lineas
773 647 953 714 Aventinus
974 648 1122 714 Annales
1143 647 1334 713 Altabenscs
1355 669 1411 714 scu

235 739 340 803 breues
361 741 454 802 notus
476 756 515 801 en
536 735 580 800 iis
602 743 763 819 exemptas
785 758 945 802 annorum
969 742 1154 801 740-746.
1177 733 1322 817 adiecit]

340 825 366 904 Γ.
393 822 511 889 7’-8’.
564 825 711 890 Annales
744 825 934 890 Altabeuses
970 831 1160 907 747-813,
1199 824 1336 906 encerpti
1369 826 1410 890 ab

233 913 403 995 Auentina,
427 913 540 994 quibus
561 913 627 995 ipse
650 919 716 977 tum
731 913 894 995 plurimas
916 920 1017 996 notas,
1040 913 1178 978 manime
1200 935 1216 978 e
1239 912 1407 978 Fuldensi·

235 1004 291 1067 bus
306 1001 480 1067 annalibus
495 1003 701 1085 depromptas,
726 1009 755 1066 et
776 1001 861 1066 iuter
884 1001 987 1067 lineas
1009 1009 1038 1067 et
1059 1001 1097 1067 in
1118 1008 1249 1084 utroque
1264 1001 1410 1084 marpine

234 1089 394 1156 adiunait.

341 1179 367 1259 f.
392 1175 523 1242 9-55‘,
569 1178 716 1244 Annales
738 1179 915 1244 Fuldeuses
937 1200 968 1243 a.
993 1183 1179 1243 814—900.
1226 1176 1410 1242 Maximam

227 1274 356 1350 partem
390 1266 523 1332 absoluit
556 1266 725 1349 librarius,
759 1267 811 1332 cui
844 1288 877 1331 se
905 1266 1032 1349 saepius
1065 1266 1102 1332 in
1132 1287 1222 1349 opere
1251 1265 1412 1332 substituit

234 1356 423 1438 Auentinus,
455 1355 510 1436 qui
532 1361 606 1438 post
635 1377 673 1420 coc
696 1355 881 1421 Annalibus
903 1355 1131 1421 Altabeusibus
1159 1361 1252 1420 notas
1274 1354 1411 1437 sinpulis

235 1444 333 1509 annis
356 1443 535 1526 adscm'psit.

342 1532 368 1612 f.
393 1537 446 1595 56.
493 1531 599 1596 Indea
620 1530 799 1597 uoluminis.

240 1707 268 1775 O
342 1620 367 1700 f.
393 1617 457 1684 56‘.
492 1620 579 1686 Pars
593 1619 750 1685 Dndouici
765 1621 802 1684 de
817 1640 914 1702 repno
930 1619 1080 1684 Latiarii
1097 1615 1210 1702 (Lepp.
1228 1620 1258 1702 I,
1268 1621 1409 1703 p.517).

341 1797 367 1876 Γ.
392 1801 446 1861 67.
492 1797 639 1861 Annales
654 1796 844 1861 Altabeuses
860 1802 1046 1877 899-927,
1064 1818 1085 1860 6
1101 1795 1235 1862 librario
1250 1795 1409 1878 euscrrpti.

341 1885 367 1965 Γ.
392 1883 456 1949 57’.
491 1885 639 1950 Annales
661 1884 852 1950 Altabenses
875 1890 1061 1966 928-951,
1093 1887 1132 1950 66
1159 1884 1229 1968 ipso
1251 1885 1411 1950 Auentino

235 1973 372 2040 enarati.
1196 2013 1198 2018 ·

342 2062 368 2142 f.
394 2067 535 2126 58-65.
582 2061 728 2126 Annales
757 2061 947 2127 Altabeuses
978 2066 1191 2144 952-1038,
1216 2061 1341 2144 partim
1370 2063 1410 2127 ab

234 2151 404 2232 Aomtino,
422 2149 546 2232 purtim
569 2172 591 2214 a
614 2149 747 2215 librario
770 2149 839 2214 eius
860 2149 1074 2232 transscripta

342 2239 367 2319 f.
393 2235 457 2303 65‘.
497 2241 600 2303 Notae
616 2237 817 2303 brevissimae
832 2259 871 2303 eu
884 2237 988 2302 uariis
1003 2237 1184 2318 diplomatis
1201 2240 1408 2321 depromptae,

235 2348 316 2409 quae
345 2329 389 2392 ad
416 2327 575 2391 saeculum
605 2325 758 2390 decimum
787 2325 914 2390 tertium
936 2331 965 2390 et
987 2325 1140 2391 decimum
1169 2333 1317 2408 quartum
1337 2347 1410 2408 per-

235 2415 348 2481 tinent.

342 2503 368 2583 f.
394 2508 446 2568 66.
472 2508 524 2566 67.
570 2503 732 2583 Eucerpta
758 2522 796 2566 eu
828 2501 996 2568 Obronicis
1018 2501 1163 2568 Rornerii
1193 2498 1231 2580 (i.
1255 2523 1280 2567 e.
1305 2503 1410 2568 Elice-

235 2591 347 2676 bardi)
372 2598 401 2657 et
422 2591 609 2656 Hermanni
632 2589 754 2656 abbatis
776 2590 993 2655 Altalceusis1.

342 2680 367 2760 f.
393 2686 446 2745 68.
471 2686 523 2744 69.
569 2680 690 2745 Breues
716 2680 862 2744 Annales
885 2679 1074 2745 Altabenses
1099 2685 1305 2761 741—1039,
1334 2700 1410 2760 quos

236 2769 416 2834 Arentinus
444 2790 483 2834 eu
511 2768 695 2850 maioribus,
725 2775 760 2832 ut
783 2789 868 2833 nunc
895 2767 975 2832 mibi
995 2767 1146 2850 persuasi
1156 2770 1176 2849 ²,
1207 2768 1360 2850 excerpsit
1381 2774 1411 2834 et

236 2857 424 2940 compilarit,
448 2856 641 2938 priusquam
663 2855 807 2939 priorem
829 2863 957 2938 partem
985 2878 1093 2922 eorum
1119 2856 1226 2935 fusius
1248 2855 1285 2921 in
1307 2857 1410 2922 collec-

140 2952 332 3016 ¹sumamma
360 2967 421 3010 sua
449 2945 677 3011 transscribere
705 2945 743 3009 in
772 2944 915 3009 animum
941 2945 1112 3011 induceret.
1159 2946 1248 3010 Nam
1273 2941 1410 3027 praeter

237 3035 328 3098 duas.
348 3040 448 3115 notas,
479 3052 615 3115 quarum
643 3034 733 3098 uua⁸
759 3034 828 3097 sola
857 3033 1049 3116 neplipcutia
1077 3033 1242 3116 scriptoris
1264 3055 1286 3097 a
1307 3033 1410 3099 uerbis

215 3197 219 3204 y
237 3121 418 3187 annalistae
440 3121 553 3186 ueteris
575 3122 716 3187 recedere
737 3121 870 3203 uidetur,
898 3122 1006 3186 omnia
1028 3121 1065 3187 in
1087 3121 1261 3188 maioribus
1283 3123 1410 3189 annali·
1530 3126 1553 3138 ’

237 3211 294 3276 bus
322 3210 419 3276 multo
448 3209 629 3276 accuratius
657 3209 852 3291 referuntur,
882 3217 912 3275 et
940 3210 1016 3276 baec
1046 3212 1107 3275 duo
1136 3210 1218 3290 folia
1246 3209 1314 3275 iam
1336 3217 1410 3276 ante

236 3298 262 3377 Γ.
287 3304 429 3364 67-65.
460 3300 500 3364 60
523 3298 683 3363 Auentino
711 3297 868 3381 inscripta
896 3298 1006 3380 fuisse,
1036 3298 1103 3381 ipsc
1126 3301 1221 3365 oodea
1244 3299 1408 3364 ostendit4.

237 3437 263 3506 1)
281 3438 369 3505 [Qum
386 3437 456 3490 bisce
473 3438 549 3502 sotiis
567 3439 610 3492 66,
629 3443 653 3489 u
671 3438 713 3491 67.
732 3438 907 3502 coutimntnr,
928 3444 1039 3504 praeta
1059 3444 1137 3490 notas
1154 3437 1285 3505 quasdam
1304 3437 1410 3489 luroris

236 3511 360 3562 momemi
376 3511 407 3560 iu
424 3511 547 3574 marpinc
564 3515 693 3560 maratus
709 3523 808 3560 necnon
825 3514 947 3575 coempta
965 3510 1108 3560 annalium
1119 3515 1272 3561 marorum
1289 3509 1408 3564 61057.

237 3582 315 3634 1061.
335 3581 597 3635 1065.1067.1068.
616 3579 706 3631 munia
724 3579 879 3646 deprompta
897 3586 959 3631 sunt
976 3595 989 3631 c
1007 3581 1090 3631 codice
1107 3595 1177 3631 nmio
1194 3579 1361 3631 Vindobonac
1378 3581 1409 3632 in

237 3650 390 3702 bibliotheca
404 3651 532 3718 palatina
550 3656 692 3715 asservato,
710 3666 784 3701 num.
796 3652 858 3716 413,
878 3651 943 3702 olim
954 3651 1026 3705 Hist.
1039 3651 1097 3704 eccl.
1110 3651 1153 3715 29,
1173 3651 1286 3715 amiato.
1317 3650 1410 3703 Huius

236 3723 332 3774 codicis
349 3723 483 3774 involucro
501 3722 634 3772 auteriori
650 3721 746 3773 solemia
763 3721 962 3772 membranacea
979 3723 1152 3786 apptatiuata
1175 3727 1222 3787 cst,
1247 3723 1292 3772 cui
1311 3737 1409 3774 nmuus

236 3793 337 3843 saeculi
352 3793 447 3844 decimi
463 3794 553 3859 quinti
569 3793 723 3859 inscripsit:
743 3791 866 3843 ‘Orouion
878 3791 1026 3857 Rmnery']
1098 3791 1126 3857 2)
1137 3791 1172 3844 In
1183 3806 1301 3843 maran
1312 3794 1406 3859 incidi,

236 3878 295 3913 cum
313 3863 361 3914 bos
377 3864 497 3929 annales,
514 3864 676 3930 priusquam
693 3863 822 3930 inspicere
841 3864 935 3928 liceret,
957 3877 1010 3930 pro
1027 3863 1165 3914 oauaiorc
1183 3877 1258 3930 opere
1276 3862 1407 3929 haberem,

236 3934 353 4000 quadiu
370 3935 537 3999 conficiendis
557 3934 704 3986 annalibus
726 3934 875 3999 maioribus
894 3935 950 3984 iam
967 3932 1119 3985 adhibitum
1136 3939 1208 3987 essct.
1246 3932 1287 3997 Os.
1308 3934 1409 3990 ‘Gesctn

236 4005 285 4056 der
302 4004 441 4057 deutschen
458 4005 619 4056 Kaiscrzeit'
637 4004 677 4071 II,
694 4022 723 4073 p.
742 4006 804 4060 538.
881 4004 908 4072 3)
925 4004 971 4056 Ad
988 4020 1052 4058 aun.
1071 4005 1132 4058 842.
1169 4005 1292 4056 Alteram
1309 4011 1409 4071 notam,

236 4092 303 4142 quac
326 4077 363 4128 ad
387 4092 413 4130 a.
434 4077 512 4131 1027.
537 4077 675 4144 adsmipta
698 4082 744 4141 cst,
770 4077 932 4128 Bruumrns
955 4075 1060 4142 quidem
1084 4077 1115 4126 in
1139 4075 1293 4127 Annalibus
1318 4076 1408 4129 Boicis

235 4148 267 4202 P.
280 4147 320 4213 II,
339 4148 387 4201 col.
398 4149 460 4202 209.
478 4163 511 4198 aa
524 4146 653 4200 aarum
663 4147 807 4199 Altaircusi
824 4147 927 4212 laudm,
946 4146 1105 4198 animantur
1123 4153 1210 4200 tamen
1222 4146 1322 4213 dubita
1341 4163 1407 4200 uum

236 4233 270 4270 ca
293 4219 442 4271 mannua
464 4219 565 4270 nostris
588 4219 733 4270 annalibus
756 4219 911 4286 deprmnpta
929 4219 973 4272 sit.
1011 4217 1084 4269 Certe
1100 4233 1154 4270 non
1171 4224 1233 4270 autc
1250 4233 1314 4271 auu.
1329 4219 1407 4273 1029.

236 4289 382 4341 Heinrims
404 4305 455 4342 rea
478 4291 509 4342 in
532 4290 705 4356 disciplinam
722 4289 857 4353 Epilberti
873 4290 988 4356 episcopi
1004 4289 1187 4354 Frisinpcusis
1204 4289 1293 4340 conire
1308 4291 1405 4355 potuit

236 4375 295 4411 cum
322 4361 369 4413 boc
394 4362 498 4412 minum
525 4375 597 4412 auno
622 4361 718 4412 Bruno
743 4361 892 4428 episcopus,
917 4362 1027 4428 primus
1051 4361 1125 4425 repis
1150 4361 1287 4424 mapietcr,
1315 4359 1409 4415 obiret.

235 4431 264 4498 4)
279 4432 444 4500 Fasciculus,
468 4434 516 4500 qui
538 4434 559 4497 Γ,
579 4433 693 4486 66-71.
711 4432 898 4499 complectitur,
923 4438 1002 4484 autea
1019 4432 1046 4482 A
1060 4433 1085 4486 1.
1103 4434 1128 4486 2.
1147 4433 1172 4485 3.
1198 4432 1321 4495 sipuatus
1338 4437 1406 4486 crat.
