3268 5036
266 419 302 472 32
399 411 579 468 matus
596 409 851 467 Anrfflsusss
870 409 1051 468 othlonus,
1086 411 1308 472 41044103.

266 598 443 662 stitueudo
465 616 572 680 regno
594 595 648 660 illi
671 595 853 662 ostendere
878 594 1017 680 cupivit,
1042 597 1103 660 sed
1126 598 1179 660 sui
1203 599 1289 663 adeo
1308 618 1440 666 execra-

203 709 257 752 cu.
267 686 404 762 bantur,
428 690 469 750 ut
492 685 649 750 nulluma
669 705 705 750 se
726 684 828 748 illum
847 687 1046 769 recepturos
1061 684 1267 750 faterentur.
1307 687 1440 754 Novem

266 774 315 839 ibi
339 775 497 840 civitates
519 795 579 840 rex
603 774 780 838 deditione
804 773 905 857 cepit,
930 792 1014 855 quas
1037 777 1162 857 rogatu
1185 774 1381 841 Bratealavi
1404 781 1440 842 et

266 883 435 929 consensu
450 863 640 928 incolarum
655 862 815 928 fratrueli
832 861 1002 946 Stephani
1016 862 1116 946 regis,
1141 863 1200 945 qui
1224 884 1303 929 cum
1319 867 1441 930 eodem

266 954 354 1018 duce
370 953 566 1028 advenerat,
584 951 696 1028 dedit;
714 952 803 1016 duae
818 954 937 1014 tamen
953 951 1140 1016 earundem
1156 952 1304 1031 urbium,
1321 954 1440 1019 Baioa-
1469 1005 1476 1013 .

266 1042 357 1106 ricae
386 1041 547 1106 marchae
576 1039 760 1124 proximae,
792 1044 873 1104 ante
900 1039 1089 1104 adventum
1111 1043 1320 1106 nostratium
1342 1043 1440 1107 urba·

266 1151 388 1194 norum
412 1128 549 1212 ignibus
573 1132 655 1192 sunt
678 1128 881 1212 absumptae
892 1127 913 1190 ¹.
960 1127 1025 1192 His
1048 1129 1166 1212 itaque
1182 1129 1249 1195 Dei
1269 1132 1440 1196 adiutorio

266 1219 421 1303 patratis,
452 1237 512 1282 rex
542 1221 578 1282 et
604 1216 658 1281 sui
680 1217 858 1282 redierunt
881 1217 926 1280 ad
949 1217 1096 1301 propria,
1120 1218 1235 1283 Deum
1258 1219 1439 1285 laudantes

267 1308 310 1372 de
333 1307 497 1371 successu
515 1305 761 1390 prosperitatis.
811 1301 1005 1388 [Heinricus
1027 1325 1087 1370 rex
1102 1306 1144 1369 V.
1161 1308 1246 1371 Idus
1261 1309 1351 1391 Aug.
1370 1308 1440 1372 fuit

176 1396 302 1464 russin
330 1388 480 1476 sitast]
528 1393 734 1460 Heribertus
765 1393 1013 1458 Eichstetensis
1043 1395 1221 1480 episcopus
1251 1396 1352 1474 obiit,
1384 1398 1439 1462 cui

266 1504 449 1569 germanus
480 1505 561 1548 suus
593 1482 745 1548 German
774 1483 944 1558 succedit,
980 1484 1039 1565 qui
1074 1484 1178 1568 paulo
1212 1489 1291 1569 post
1320 1485 1407 1550 obiit
1417 1487 1438 1549 ².

168 1573 404 1640 osiraUlricus
419 1571 680 1638 Ratisbonensis
705 1571 811 1636 abbas
835 1571 932 1647 obiit,
956 1572 1089 1657 ipsique
1112 1573 1268 1638 succedit
1291 1573 1439 1639 Erchan·

166 1666 385 1747 cunipertus
415 1661 521 1726 abbas
551 1661 849 1726 Monensewensis.
902 1660 1222 1743 Tegernsewensem
1252 1662 1437 1741 abbatiam,

267 1771 370 1834 quam
404 1751 496 1814 idem
526 1750 628 1814 simul
658 1749 797 1825 habuit,
833 1749 1014 1813 Hemand⁰
1049 1750 1122 1815 eius
1152 1751 1220 1815 loci
1249 1753 1438 1816 monachus

161 1840 411 1924 augnaaccepit.
457 1838 558 1902 Nitzo
582 1838 780 1902 Leodiensis
809 1839 988 1922 episcopus
1011 1837 1107 1915 obiit,
1139 1840 1293 1906 succedit
1316 1841 1439 1904 Watao

267 1927 481 2012 praepositus
505 1927 659 1991 eiusdem
681 1925 758 1990 loci.

803 2078 900 2152 1043.

371 2194 446 2260 Rex
467 2193 585 2259 natale
609 2192 749 2256 Domini
773 2190 916 2258 Gcslare
943 2194 1088 2277 peregit.
1135 2189 1237 2259 Illic‘1
1263 2196 1437 2279 pontifica-

264 2288 341 2348 tum
357 2282 633 2348 Eichstetensem
649 2279 855 2346 Gebehardo
871 2282 1003 2346 dedit⁰.
1043 2282 1142 2347 Inter
1161 2283 1247 2348 alios
1266 2284 1437 2368 principes

266 2372 380 2437 adfuit
403 2371 583 2437 Brateslav
607 2363 697 2435 durs
724 2369 896 2448 Boemiae,
928 2371 987 2453 qui
1017 2371 1176 2436 decentia
1198 2393 1341 2437 munera
1363 2373 1437 2456 regi

266 2461 427 2537 detulitss,
452 2461 592 2544 ipseque
608 2459 790 2542 magnifice
812 2463 983 2524 tractatus
1007 2461 1155 2544 peractis
1179 2461 1300 2526 diebus
1322 2462 1436 2538 rediit,

265 2551 367 2633 regiis
398 2549 496 2612 donis
527 2550 726 2612 honoratus.
776 2541 921 2631 hLegati
948 2568 1083 2632 quoque
1105 2549 1285 2614 Ruuonum
1312 2571 1438 2633 magna

266 2640 356 2702 dona
378 2637 544 2713 tulerunt,
573 2637 635 2701 sed
658 2636 788 2701 maiora
810 2637 1015 2721 recipientes
1039 2638 1200 2703 abierunt
1209 2638 1231 2701 ³.
1278 2639 1438 2702 Bulanici

266 2726 384 2790 ducis4
406 2725 524 2789 nuncii
548 2744 626 2789 cum
649 2725 849 2790 muneribus
879 2725 949 2790 suis
976 2726 1096 2790 reiecti
1119 2747 1184 2792 nec
1207 2728 1437 2812 praesentiam

266 2815 411 2879 caesaris
427 2818 489 2878 aut
504 2813 650 2879 affatum
666 2818 875 2892 meruerunt,
900 2815 981 2897 quia
999 2814 1081 2899 ipse,
1105 2816 1203 2881 iuxta
1218 2818 1311 2899 quod
1326 2817 1437 2882 iussus

267 2907 350 2979 erat,
374 2903 534 2968 noluerat
548 2903 677 2968 venire.
722 2903 829 2968 Missa
850 2906 969 2968 tamen
992 2905 1105 2968 denuo
1128 2903 1304 2988 legatione
1327 2925 1362 2970 se
1386 2925 1438 2970 ex·

266 2996 364 3056 cusat
380 2996 424 3069 et,
449 2992 530 3076 quia
544 2993 662 3058 venire
677 3013 747 3056 non
762 2993 925 3077 potuerit,
950 2993 1189 3057 iusiurandum
1205 2994 1438 3078 promittendo

266 3081 489 3159 confirmavit,
520 3082 636 3164 sicque
665 3082 813 3164 gratiam
842 3082 994 3166 recipere
1024 3082 1115 3166 regis
1137 3084 1275 3148 meruit.
1321 3083 1438 3147 Isdem

150 3194 215 3238 ress,
223 3196 255 3238 ιι.
264 3170 477 3255 temporibus
500 3168 598 3235 Gisia
627 3171 836 3254 imperatrix,
867 3174 978 3236 mater
1008 3171 1163 3247 caesaris,
1195 3175 1248 3236 est
1272 3171 1438 3236 defuncta

266 3264 302 3324 et
325 3259 368 3323 ab
392 3259 465 3343 ipso
489 3263 525 3324 et
548 3260 715 3344 episcopis
737 3263 841 3342 atque
857 3259 1068 3343 principibus
1084 3259 1181 3322 iuxta
1196 3259 1308 3322 virum
1325 3257 1437 3322 Chun-

174 3350 387 3422 nprcradum
409 3350 651 3472 imperatorem
666 3347 859 3413 Nemidone
875 3347 1013 3431 sepulta
1022 3346 1042 3407 ⁵.
1090 3347 1223 3410 Pascha
1242 3366 1302 3410 rex
1317 3345 1437 3409 Leodii

265 3438 453 3503 celebravit
480 3489 487 3514 ,
518 3437 598 3502 inde
628 3437 702 3520 regi
729 3436 997 3518 Karolingorum
1025 3433 1223 3498 tabulatum
1253 3433 1404 3497 obviavit
1414 3434 1437 3500 5⁵.

169 3551 215 3590 aa
222 3551 255 3593 n.
265 3526 469 3592 Pentecoste
492 3526 563 3589 fuit
585 3520 643 3589 in¹¹
662 3524 978 3599 Boderabrunnun3
1003 3514 1082 3585 ἰΠοΙ
1104 3541 1230 3586 venere
1246 3522 1353 3604 legati
1369 3523 1437 3587 Un-

264 3635 414 3698 grorum,
438 3635 558 3700 pacem
574 3635 652 3678 cum
666 3611 879 3678 nostratibus
894 3611 1081 3676 reformare
1097 3609 1284 3694 cupientes,
1310 3614 1345 3675 et
1364 3632 1437 3696 pro-

264 3772 286 3818 α)
302 3775 327 3809 ut
341 3770 426 3808 nullum
440 3781 470 3818 c.,·
489 3769 606 3808 asarinus
624 3769 647 3806 in
664 3763 735 3816 maru.
753 3767 907 3814 interpretatus
925 3769 955 3804 est
973 3773 1127 3816 nequaquam
1147 3764 1208 3805 nullo
1222 3764 1288 3805 modo
1302 3767 1356 3809 cont.
1372 3766 1437 3809 Η.·Ε.

264 3823 288 3875 b)
297 3823 417 3863 Heius-icus
428 3845 453 3852 -
463 3823 531 3862 Altae
543 3823 567 3860 in
575 3832 645 3870 maru.
656 3822 733 3858 addita
742 3823 798 3868 nam,
812 3829 866 3868 quac
880 3820 910 3857 ud
919 3819 975 3857 hunc
984 3829 1065 3856 annum
1071 3819 1182 3866 perum
1191 3830 1235 3858 noa
1240 3824 1340 3870 possum,
1356 3831 1403 3859 cum
1413 3831 1437 3859 co

264 3881 359 3925 ternpore
374 3887 414 3914 rar
427 3877 450 3914 in
464 3876 548 3914 Haecin
561 3878 691 3915 mauretus
720 3873 852 3921 opscurum
863 3873 966 3914 arama
995 3871 1065 3910 Mem
1078 3872 1175 3921 Aequora
1190 3874 1244 3912 anni
1257 3875 1384 3924 insequentia
1398 3885 1438 3912 rac

264 3931 288 3967 tn
302 3930 389 3977 reprom
402 3929 515 3967 Attakenoi
528 3939 576 3966 cam
590 3927 683 3966 acuatu
697 3931 750 3967 aut.
772 3926 805 3973 Cf.
815 3925 901 3974 Stumpt
917 3937 951 3966 nr.
966 3925 1025 3966 2244.
1079 3925 1101 3976 c)
1115 3926 1231 3966 Herrandt
1244 3939 1260 3969 r.
1315 3926 1339 3979 d)
1353 3940 1373 3977 p.
1388 3927 1405 3969 1.
1420 3938 1437 3969 c.

265 3994 314 4032 orn„
329 3983 426 4030 supplevi
440 3993 466 4021 aa
480 3981 606 4021 samma.
654 3979 676 4030 e)
689 3981 719 4018 stc
729 3979 845 4025 Stridet,-
858 3979 915 4027 quod
924 3979 1028 4017 Brcasluu
1042 3979 1090 4016 suro
1103 3980 1248 4028 recipiendum
1262 3982 1353 4029 casuum
1367 3978 1438 4020 tradit

265 4035 320 4078 Geb.
334 4046 351 4076 c.
405 4034 423 4085 s)
437 4045 476 4074 rex
491 4047 519 4082 c.;
538 4033 584 4073 dux
599 4033 734 4074 staindeb'rw.
796 4032 818 4082 g)
832 4031 914 4071 obtulit
928 4031 1032 4074 Stoindcl.
1093 4033 1117 4084 h)
1131 4034 1248 4074 Anninus
1261 4035 1307 4082 spec
1320 4034 1437 4072 librarium

264 4089 349 4138 occipit
403 4089 419 4136 i)
434 4099 474 4128 rex
490 4092 509 4126 ct
523 4087 654 4134 celebravit,
669 4096 724 4134 quae
735 4086 808 4126 Aveia.
824 4095 872 4135 orn„
886 4095 913 4124 ec
927 4085 1047 4124 &cindato
1060 4088 1163 4136 supplevi.
1217 4087 1242 4135 k)
1256 4087 1270 4129 i.
1285 4087 1308 4126 in
1322 4088 1398 4126 desum
1412 4098 1436 4134 c,

264 4153 318 4192 quac
334 4153 361 4181 cc
374 4142 494 4181 &cindato
507 4141 610 4189 supplevi.
664 4140 680 4186 1)
694 4139 777 4188 illoque
791 4143 903 4178 venerunt
917 4139 1021 4182 &madet

266 4251 292 4317 1)
308 4250 351 4315 Cf.
370 4249 568 4301 Haimcaaum
586 4247 656 4311 Aac.
737 4245 765 4314 2)
783 4245 824 4310 Of.
843 4245 1022 4298 Lomtertum.
1095 4248 1122 4313 3)
1140 4247 1290 4308 Ιανοεῑαυί;
1307 4248 1342 4311 cf.
1356 4246 1436 4298 Mm-

265 4322 374 4376 tenum
446 4319 474 4386 4)
492 4318 630 4373 Occimiri.
702 4318 730 4385 5)
746 4314 855 4370 Nemeti
874 4316 950 4370 iuxta
968 4316 1097 4369 maritum
1119 4315 1312 4384 imperatorem
1331 4315 1437 4384 sepulta

264 4395 313 4446 est.
352 4391 454 4446 Herim.
474 4392 544 4456 Aac.
616 4391 644 4457 0)
660 4389 787 4442 Heinrico
805 4390 828 4444 Ι,
866 4389 907 4454 Of.
926 4390 1096 4480 Stampfftr.
1114 4390 1194 4442 2240.
