3270 5028
253 460 288 513 74
430 455 611 511 ANNALES
630 455 884 511 ALTAHENSES
902 454 1085 512 MAIORES.
1121 455 1158 512 A.
1171 458 1249 512 1068.

183 660 244 704 rev.
793 634 889 705 1068.

366 745 615 810 aNativitatem
646 746 852 809 dominicam
881 765 942 810 rex
970 745 1104 830 peregit
1134 745 1171 807 in
1200 743 1366 808 eoslare1
1394 748 1430 808 et

152 855 245 898 ressa
254 837 333 918 post
355 835 442 898 haec
465 835 660 918 Augustam
682 836 778 899 venit
801 834 837 898 in
861 834 1100 918 purificatione
1123 833 1263 909 Mariae,
1288 836 1429 917 paratus

254 924 336 987 inde
352 923 390 985 in
406 922 547 986 Italiam
562 923 709 987 transire
719 924 741 984 ².
789 923 857 987 Sed
881 944 959 986 cum
981 923 1079 1004 regni
1102 922 1314 1006 principibus
1338 922 1430 986 labo·

254 1013 383 1074 riosum
405 1012 582 1075 videretur
605 1011 707 1075 simul
730 1013 789 1089 ire,
817 1011 921 1075 facile
945 1013 1189 1094 persuaserunt
1211 1011 1295 1092 regi,
1320 1011 1430 1094 pueri·

158 1136 178 1144 —
206 1135 226 1144 —
255 1100 336 1164 liter
359 1102 484 1183 utpute
506 1100 619 1163 multa
642 1100 882 1176 consideranti,
907 1100 944 1162 in
969 1099 1152 1163 Saxoniam
1174 1099 1286 1162 redire
1310 1103 1346 1162 et
1368 1120 1430 1182 pro

255 1208 291 1253 se
314 1188 448 1269 legatos
471 1188 509 1250 in
531 1188 673 1251 Italiam
695 1189 941 1252 transmittere.
987 1187 1180 1250 Mittuntur
1201 1188 1309 1270 igitur
1327 1189 1429 1251 Anno

257 1276 470 1340 Coloniensis
495 1277 779 1360 archiepiscopus,
797 1276 970 1340 Henricus
986 1269 1241 1353 lhidentinusb,
1260 1275 1343 1340 Otto
1360 1278 1431 1340 dux

256 1364 466 1428 Baioaricus.
523 1364 572 1427 Hi
603 1385 684 1448 ergo
715 1385 793 1428 cum
821 1365 1023 1428 Ravennam
1052 1365 1242 1441 venissent,
1279 1365 1429 1429 civitatis

255 1453 349 1516 illius
379 1452 575 1536 pontificis³
603 1454 657 1516 usi
686 1457 768 1517 sunt
798 1452 1081 1517 confabulatione
1105 1455 1140 1516 et
1165 1453 1334 1530 convivio,
1365 1472 1429 1517 nec

257 1542 362 1605 etiam
392 1541 596 1605 devitabant
623 1538 862 1606 'Parmensem
891 1542 1104 1625 episcopum,
1140 1561 1213 1606 sese
1244 1543 1430 1606 adeuntem
1440 1563 1529 1613 *asra

256 1629 325 1694 alio
352 1629 389 1693 in
412 1629 498 1706 loco,
530 1650 613 1712 quos
643 1633 807 1713 utrosque
829 1629 1027 1694 Alexander
1048 1650 1139 1714 papa
1161 1630 1331 1712 ligaverat
1354 1651 1430 1694 ana-

255 1718 422 1782 thematis
438 1719 587 1782 vinculo.
624 1717 677 1783 Ob
701 1721 791 1782 hanc
814 1719 922 1801 igitur
938 1738 1077 1782 causam
1099 1718 1214 1782 noluit
1230 1739 1287 1783 eos
1302 1719 1430 1796 videre,

258 1826 337 1870 cum
358 1807 504 1870 Romam
526 1807 710 1883 venissent,
734 1807 898 1871 videlicet
921 1807 1002 1889 quia
1025 1807 1327 1871 excommunicatis
1352 1828 1372 1870 a
1395 1827 1431 1872 se

96 1895 602 1966 nov.1s‚racommunicassent⁰.
638 1894 707 1958 Sed
729 1896 811 1978 quia
833 1895 1084 1979 scriptumest:
1114 1893 1245 1976 Corripe
1260 1894 1432 1976 cupientem

257 1987 286 2046 ct
297 1980 406 2062 dilipct
417 1987 453 2062 tc,
468 1983 569 2046 citius
581 1984 796 2047 reconciliari
807 2004 963 2048 meruere
976 1983 1172 2047 humillima
1183 1984 1430 2061 satisfactione,

255 2070 466 2153 tandemque
501 2072 622 2135 audita
659 2093 777 2136 eorum
811 2072 986 2154 legatione
1015 2076 1094 2155 post
1123 2092 1251 2156 paucos
1282 2073 1354 2136 dies
1385 2073 1432 2136 di-

255 2159 367 2222 missis
397 2159 484 2236 illis,
519 2161 664 2224 mandat
696 2161 786 2244 regi,
822 2181 910 2243 quae
939 2160 1060 2224 voluit.
1107 2161 1188 2244 Ipse
1222 2182 1303 2225 vero
1336 2181 1430 2224 more

257 2248 359 2312 solito
394 2253 472 2332 post
506 2248 625 2313 albas4
654 2250 814 2314 sinodum
845 2250 1081 2333 episcoporum
1115 2249 1256 2326 habuit,
1291 2251 1329 2312 in
1363 2270 1431 2332 qua

257 2337 377 2400 sinodo
400 2337 579 2420 pontifex⁵
601 2358 622 2401 a
645 2339 786 2402 civitate
802 2338 959 2401 Turtun6
982 2338 1112 2414 aderat,
1137 2338 1196 2420 qui
1218 2338 1430 2420 temporibus

256 2426 334 2509 piae
356 2426 604 2490 recordationis
627 2447 737 2509 papae
761 2427 885 2490 Leonis
910 2429 1031 2490 contra
1052 2429 1244 2490 vastatores
1269 2427 1431 2510 episcopii

257 2514 311 2576 sui
335 2514 530 2577 dimicando
546 2515 771 2577 homicidium
793 2514 925 2578 fecerat
949 2519 984 2579 et
1007 2514 1051 2578 ob
1073 2515 1140 2578 hoc
1163 2515 1232 2578 iam
1254 2518 1309 2578 tot
1332 2514 1431 2578 annis

257 2603 464 2666 sacerdotali
490 2602 680 2665 ministerio
709 2606 876 2666 caruerat.
924 2602 1011 2667 Oum
1034 2622 1114 2667 vero
1137 2604 1337 2686 hucusque
1360 2623 1433 2687 per

258 2694 446 2755 severasset
474 2690 512 2752 in
542 2689 641 2752 luctu
670 2691 893 2774 penitentiae,
924 2690 997 2755 illic
1026 2691 1241 2756 reconciliari
1270 2695 1306 2756 et
1334 2691 1431 2753 mini·

258 2779 401 2842 sterium
431 2799 531 2841 suum
560 2778 712 2862 recipere
741 2780 869 2844 meruit
897 2780 1010 2844 tocius
1040 2781 1153 2844 sinodi
1175 2780 1429 2857 intercessione,

258 2867 430 2948 quoniam,
460 2869 500 2929 ut
531 2867 687 2946 diximus,
718 2870 784 2932 hoc
810 2868 944 2932 fecerat
970 2869 1008 2930 in
1032 2869 1232 2933 defensione
1255 2868 1430 2932 ecclesiae.

258 2953 480 3018 Florentinus
504 2958 621 3018 autem
643 2957 781 3040 praesul
792 2956 811 3034 ⁷,
843 2957 925 3039 quia
951 2977 1013 3040 per
1040 2958 1188 3021 heresim
1211 2957 1432 3021 simoniacam

258 3043 295 3106 in
324 3043 558 3128 episcopatum
585 3044 785 3123 intraverat,
817 3049 996 3109 accusatus
1021 3050 1056 3110 et
1078 3046 1273 3110 manifestis
1295 3045 1432 3109 indiciis

260 3132 437 3195 convictus
460 3132 617 3215 protinus
642 3133 826 3216 deponitur
835 3134 857 3196 ⁸.
903 3133 1017 3197 Affuit
1041 3135 1146 3220 etiam
1169 3134 1242 3197 illic
1258 3134 1338 3212 Uto,
1356 3133 1432 3197 lhe

259 3221 410 3284 virorum
439 3221 576 3304 praesul
605 3224 831 3300 venerandus,
862 3222 921 3305 qui
946 3223 1076 3306 etipse
1104 3224 1148 3287 de
1172 3223 1293 3287 eadem
1320 3223 1432 3286 heresi

261 3313 314 3374 est
337 3313 526 3386 accusatus,
551 3311 611 3374 sed
626 3331 715 3387 mox,
739 3331 800 3395 per
818 3312 1057 3376 iusiurandum
1080 3331 1116 3376 se
1140 3331 1314 3390 excusans,
1338 3311 1432 3374 inno-

261 3418 341 3463 cens
371 3401 423 3462 est
453 3399 626 3462 iudicatus
657 3403 693 3463 et
722 3404 800 3483 post
829 3401 915 3464 haec
945 3400 982 3462 in
1011 3420 1138 3482 magna
1166 3401 1388 3465 veneratione
1412 3419 1433 3462 a

260 3507 350 3571 papa
366 3489 401 3551 et
416 3487 580 3551 Romanis
599 3490 652 3552 est
668 3488 807 3552 habitus
817 3489 839 3549 ⁹.
875 3488 1036 3573 Episcopi
1052 3491 1178 3566 autem,
1202 3489 1291 3571 regii
1306 3488 1430 3564 nuntii,

260 3576 370 3639 Roma
399 3577 551 3658 digressi,
583 3576 767 3640 confestim
797 3578 841 3640 ad
870 3578 1008 3662 propria
1039 3581 1120 3642 sunt
1146 3577 1284 3642 reversi.
1332 3577 1432 3640 Solus

261 3662 345 3728 Otto
369 3665 439 3728 dux
462 3665 619 3728 substitit
641 3665 678 3728 in
701 3665 816 3743 Italia,
848 3668 946 3748 quasi
976 3687 1054 3729 cum
1083 3666 1295 3750 principibus
1318 3669 1432 3730 terrae

260 3853 283 3905 a)
296 3855 397 3893 Auentini
410 3854 517 3893 librarius
526 3855 607 3903 perpet.
660 3855 685 3907 b)
698 3853 866 3896 Trendsntlnus
880 3868 898 3902 c.
951 3855 973 3908 c)
986 3856 1162 3896 communissent
1175 3867 1192 3899 c.

261 3994 288 4063 1)
306 3995 347 4060 Of.
366 3996 546 4050 Lumbcrvum.
636 3996 664 4064 2)
680 3997 754 4050 Huoe
771 3997 846 4049 houd
864 3998 941 4050 dubio
955 3999 1090 4066 pertinent
1107 3999 1145 4048 ad
1162 4013 1264 4049 anuum
1283 3999 1361 4064 1067,
1381 4013 1433 4064 quo

259 4067 574 4193 {puppem
588 4068 759 4191 lam
777 4069 1006 4192 mittut
1030 4069 1433 4206 Adffluptirlwii

260 4209 287 4275 a)
304 4179 436 4275 Hunru,
456 4211 504 4276 qus
516 4180 611 4276 ,aaa
628 4210 735 4262 Kadara·
752 4155 882 4264 ibatur.
945 4210 973 4278 4)
990 4181 1076 4263 luae
1087 4181 1155 4262 'unt
1173 4212 1229 4263 ces
1247 4180 1432 4277 asumma,

259 4295 326 4346 quus
340 4280 443 4347 puecha
461 4280 636 4347 subsequitur.
673 4281 778 4333 Pcscbu
796 4297 825 4334 eo
842 4297 915 4333 uuuo
929 4283 1025 4334 incidit
1036 4284 1066 4332 in
1078 4283 1148 4334 diem
1160 4284 1203 4336 23.
1216 4284 1314 4334 monus
1325 4283 1433 4336 Martii.

260 4351 288 4418 5)
304 4351 408 4405 Petrum
481 4351 508 4417 6)
529 4352 654 4406 Tcrtonu.
727 4351 754 4419 7)
770 4353 867 4404 Petrus
885 4353 1071 4408 Mezzudcrdu.
1143 4351 1171 4420 8)
1189 4352 1232 4416 Of.
1246 4354 1385 4405 Mausium
1403 4354 1434 4404 iu

261 4421 363 4476 Collcct.
382 4438 449 4475 couc.
468 4423 549 4489 XIX,
569 4423 616 4476 ccl.
636 4423 697 4478 993.
770 4423 797 4491 9)
815 4423 858 4488 Of.
876 4424 959 4491 Jaffd,
978 4425 1043 4489 Rcy.
1062 4425 1139 4478 Rom.
1155 4430 1230 4491 pont.
1248 4440 1292 4479 ur.
1310 4425 1390 4478 4646.
