3268 5036
250 433 285 486 24
428 427 607 485 anastas
625 428 879 484 ALTAHENSES
897 428 1079 486 maana.
1116 429 1244 486 A.1041.

356 720 496 782 Annum
511 739 571 783 rex
586 718 622 781 in
638 717 986 801 lilimigartovurti⁸·l
1000 718 1161 794 initiavit,
1183 717 1244 781 ubi
1260 717 1421 782 Boemico

250 809 329 872 duci
360 807 470 870 filium
499 827 608 884 suum,
640 827 742 890 quem
764 808 888 872 vadem
914 806 1047 882 habuit,
1077 806 1210 871 remitti
1232 807 1419 882 mandavit,

249 900 290 959 nt
308 897 381 981 ipse
398 896 550 981 captivos
565 896 736 971 redderet,
760 916 845 978 quos
867 896 904 959 in
927 896 1103 981 praedicto
1127 894 1219 960 bello
1243 896 1389 979 cepisset
1398 897 1419 957 2.

136 984 358 1052 u2r2.n.Pasca
380 984 506 1069 oppido
529 984 739 1050 Traiectensi
761 985 876 1049 feriat·
923 983 1055 1050 Diebus
1084 984 1300 1067 rogationum
1332 985 1420 1068 prin-

93 1095 239 1146 iana-a.
250 1075 365 1158 cipum
388 1077 596 1138 conventum
613 1074 650 1136 in
666 1066 898 1157 Soligenatatb
919 1072 1104 1150 evocavitl,
1129 1073 1311 1136 consilium
1327 1072 1420 1137 habi·

248 1166 357 1238 turus,
388 1162 538 1244 qualiter
566 1162 714 1227 dedecus
737 1183 836 1228 suum
861 1166 951 1227 esset
974 1165 1199 1226 correcturus.
1245 1161 1315 1225 Illo
1338 1161 1420 1228 Boe·

249 1251 395 1314 mierum
410 1250 519 1334 legati
535 1251 781 1328 devenerunt⁰,
806 1271 909 1334 seque
931 1251 1112 1336 ipsumque
1128 1251 1251 1314 ducem
1274 1250 1310 1312 in
1330 1250 1420 1334 regis

250 1343 470 1424 conspectum
485 1343 669 1404 venturum
692 1341 960 1424 spoponderunt.
1006 1338 1106 1402 Nihil
1128 1339 1354 1423 impetrantes
1372 1359 1420 1404 re-

249 1428 398 1502 dierunt,
429 1449 532 1510 quam
556 1423 696 1513 pacrem‘l
724 1430 860 1513 saepius
884 1429 949 1493 hoc
972 1449 1063 1492 anno
1086 1431 1307 1512 temptantes,
1332 1428 1419 1512 prin-

250 1516 341 1600 cipes
375 1517 560 1581 audierunt
595 1517 830 1594 consiliantes,
868 1517 956 1582 dux⁰
995 1517 1061 1580 nisi
1096 1519 1205 1582 semet
1237 1537 1307 1580 una
1343 1537 1419 1580 cum

248 1624 355 1687 regno
390 1599 567 1670 deditumr
604 1606 753 1684 veniret,
793 1625 910 1689 regem
948 1625 1027 1670 cum
1060 1604 1214 1670 exercitu
1247 1625 1350 1689 super
1384 1625 1419 1670 se

248 1714 365 1758 rursus
387 1697 573 1758 venturum
597 1694 710 1759 sciret.
1175 1761 1178 1765 .

184 1805 239 1848 evo.
355 1781 432 1846 Hoc
463 1804 553 1847 anno
575 1782 699 1848 Petrus
726 1803 786 1847 rex
809 1783 1007 1866 Ungrorum
1035 1802 1143 1865 regno
1173 1786 1226 1846 est
1255 1783 1417 1866 privatus

248 1871 508 1936 coniurantibus
520 1872 700 1936 adversum
716 1893 752 1936 se
768 1872 838 1936 suis
850 1871 1065 1956 primatibus.
1089 1871 1213 1936 Undeg
1227 1872 1294 1935 hoc
1305 1873 1419 1935 ortum

248 1959 302 2034 sit,
328 1960 449 2024 audiat
469 1960 527 2042 qui
544 1959 638 2024 velit.
686 1959 882 2046 Stephanus
898 1959 1009 2025 bonae
1025 1961 1209 2025 memoriae
1224 1980 1293 2036 rex,
1318 1981 1419 2024 avun-

248 2048 346 2112 culus
369 2049 486 2132 ipsius,
512 2069 589 2112 cum
613 2049 704 2113 filius
729 2049 801 2114 eius
825 2052 923 2133 patre
947 2049 1131 2133 superstite
1148 2052 1237 2113 esset
1252 2052 1417 2125 mortuus,

247 2137 410 2219 quoniam
439 2137 546 2201 alium
574 2159 644 2201 non
674 2137 797 2201 habuit
826 2137 950 2214 filium,
982 2139 1075 2201 hunc
1103 2137 1189 2222 fecit
1219 2137 1418 2221 adoptivum

247 2225 426 2309 ipsumque
449 2227 547 2308 regni
570 2227 733 2292 heredem
757 2226 900 2303 locavit;
932 2226 1042 2290 filium
1071 2226 1190 2290 fratris
1213 2227 1266 2289 sui
1290 2227 1418 2310 dignio-

247 2334 320 2379 rem
342 2314 380 2377 in
402 2326 518 2398 regno,
548 2315 629 2398 quia
652 2316 718 2379 hoc
741 2337 811 2379 non
834 2316 1016 2395 consensit,
1046 2315 1177 2379 cecavit
1201 2317 1237 2379 et
1259 2315 1419 2400 parvulos

248 2404 400 2468 eiusdem
425 2403 526 2468 exilio
548 2404 726 2486 relegavit.
773 2403 841 2468 Hic
864 2404 972 2487 igitur
995 2404 1069 2488 ipso
1092 2404 1229 2468 vivente
1253 2404 1290 2466 in
1312 2424 1419 2488 regno

247 2492 414 2557 solidatus
443 2492 584 2568 iuravit,
615 2496 656 2555 ut
686 2496 907 2576 praeceperat
937 2492 1143 2570 avunculus,
1180 2513 1215 2557 se
1246 2492 1419 2557 dominam

247 2601 344 2644 suam
375 2581 530 2664 reginam
560 2600 693 2664 semper
720 2583 970 2645 honoraturum
997 2601 1061 2646 nec
1084 2582 1268 2664 quicquam
1291 2601 1418 2659 eorum,

247 2689 334 2752 quae
368 2689 428 2734 rex
463 2670 606 2734 dederat
636 2670 684 2747 ei,
721 2669 935 2746 ablaturum,
971 2670 999 2734 si
1030 2673 1107 2754 post
1137 2674 1284 2736 mortem
1313 2671 1419 2756 ipsius

246 2757 354 2822 vitam
384 2757 437 2821 illi
467 2758 613 2823 donaret
636 2757 814 2822 Dominus.
862 2756 962 2837 Quod
991 2762 1033 2821 ut
1062 2758 1192 2823 firmius
1220 2760 1333 2837 fieret,
1364 2760 1419 2824 ad·

247 2846 337 2910 didit
362 2846 556 2911 iuramento
586 2867 622 2912 se
651 2851 771 2911 contra
800 2867 927 2925 omnes,
959 2847 1017 2930 qui
1041 2868 1117 2913 eam
1140 2847 1272 2912 vellent
1295 2848 1419 2913 calum·

246 2935 351 3012 niare,
380 2955 442 3019 pro
465 2955 563 3020 posse
587 2939 623 3001 ct
645 2956 744 3001 nosse
766 2939 875 3002 semet
897 2936 1050 3001 subsidio
1070 2937 1155 3014 fore,
1181 2937 1276 3001 etin
1300 2938 1420 3002 eadem

246 3021 350 3087 verba
366 3043 483 3088 omnes
495 3017 729 3101 iuravenmtl,
746 3026 806 3108 qui
818 3025 989 3111 principes
1000 3026 1150 3110 regionis
1162 3026 1315 3090 fuerunt.
1347 3025 1419 3090 Ste-

247 3113 362 3196 phano
379 3113 516 3177 demum
532 3114 605 3178 vita
622 3114 811 3180 decedente
835 3119 871 3179 et
894 3113 997 3180 Petro
1022 3116 1095 3180 eius
1118 3115 1231 3198 gratia
1253 3116 1290 3176 in
1312 3133 1419 3195 regno

247 3201 466 3278 succedente,
502 3201 587 3267 fides
619 3196 743 3286 ipsius¹
781 3204 909 3287 patuit,
946 3223 1033 3286 quae
1068 3204 1162 3287 prius
1197 3202 1295 3284 quasi
1328 3199 1419 3263 bona

247 3289 361 3374 latuit.
408 3289 498 3354 Nam
526 3292 628 3355 unius
652 3292 734 3355 anni
757 3295 911 3375 tempore
934 3291 1099 3356 mactavit
1122 3310 1198 3354 eam
1221 3287 1417 3365 honorifice,

247 3398 313 3460 qno
346 3382 486 3462 peracto
516 3381 627 3463 spatio
658 3380 819 3444 destituit
853 3378 950 3443 illam
984 3379 1078 3442 omni
1112 3377 1212 3440 bono.
1264 3375 1419 3439 Primum

247 3466 385 3549 quidem
408 3467 557 3551 praedia,
582 3488 670 3550 quae
694 3469 854 3532 amarito
869 3468 1006 3531 vivente
1031 3469 1236 3548 susceperat,
1261 3469 1297 3530 et
1320 3484 1418 3550 pecu-

246 3555 353 3632 niam,
385 3576 488 3639 quam
518 3576 669 3620 seorsum
699 3557 883 3631 habuerat,
917 3555 990 3638 ipse
1019 3555 1053 3617 vi
1083 3553 1243 3631 abstulit,
1276 3574 1417 3636 eamque

246 3643 359 3708 iurare
376 3644 551 3727 compulit,
576 3648 617 3708 ut
632 3639 697 3708 de¹¹
715 3645 852 3709 residuo
872 3643 961 3707 nihil
985 3642 1083 3707 daret
1100 3642 1258 3725 cuiquam
1282 3647 1419 3728 praeter

247 3752 344 3796 suam
367 3732 553 3798 licentiam.
600 3734 644 3796 In
674 3733 823 3816 quadam
852 3731 957 3796 etiam
983 3730 1070 3796 urbe
1094 3752 1170 3796 eam
1193 3732 1321 3797 locavit
1342 3731 1418 3796 tali-

247 3841 313 3904 que
337 3821 513 3887 custodiac
536 3822 755 3905 mancipavit,
779 3824 820 3884 ut
838 3840 902 3884 uec
917 3820 984 3904 ipsi
999 3823 1152 3904 potestas
1170 3825 1259 3887 esset
1273 3841 1418 3904 usquam

247 3909 487 3993 progrediendi
517 3930 579 3974 nec
611 3910 771 3992 cuiqnam
799 3909 1057 3974 advenientium
1082 3930 1157 3974 eam
1180 3909 1417 3975 conveniendi.

246 4065 269 4111 a)
282 4062 498 4114 Munlptpartovurti
511 4075 528 4107 c.
582 4064 605 4111 b)
619 4063 766 4114 stupemus
781 4076 798 4108 c.
852 4066 873 4112 c)
886 4065 917 4103 sic
927 4065 947 4107 h.
957 4065 972 4107 l,
982 4065 1014 4103 vel
1023 4065 1085 4112 lutra
1099 4063 1241 4115 spopondens
1254 4066 1366 4114 mendum
1380 4067 1417 4113 aar,

247 4121 270 4155 ut
278 4116 376 4166 syllabae
384 4127 490 4156 consonae
499 4117 632 4164 residentum
647 4115 760 4159 devenere
775 4129 791 4160 c.
810 4118 875 4160 Hali.
929 4115 953 4165 d)
967 4128 1023 4168 pace
1036 4129 1053 4160 c.
1108 4120 1130 4166 e)
1144 4115 1190 4157 dux
1203 4119 1274 4168 cml.
1328 4116 1346 4168 f)
1361 4114 1418 4157 tedi-

247 4175 384 4274 ffip.dm
397 4169 421 4268 Ξ.)
434 4168 491 4212 Inda
504 4182 534 4220 c.,·
554 4172 666 4210 mandavi
678 4171 704 4214 Ε.
718 4171 746 4216 D,
821 4171 845 4220 h)
864 4171 969 4212 iuravere
982 4184 1013 4220 c.,·
1033 4174 1061 4220 or.
1080 4184 1101 4214 n.
1115 4183 1134 4213 c.
1155 4172 1221 4214 Μ.
1295 4171 1312 4222 i)
1332 4171 1387 4220 ipsiu
1401 4181 1418 4212 c.

247 4329 274 4454 Ξ)
285 4330 590 4460 ῑὶίαηεωῦωθῖῲῶηπ.
609 4330 757 4387 Scaevam·
830 4331 857 4399 2)
875 4331 917 4397 Cf.
935 4333 1040 4386 Herim.
1059 4332 1129 4397 Aup.
1202 4329 1229 4396 3)
1248 4330 1290 4393 Of.
1309 4330 1423 4398 Stumpf

259 4439 265 4455 .
296 4417 366 4462 ‚aa
456 4445 462 4460 .
500 4439 515 4456 a
554 4443 559 4459 .
