3268 5036
399 423 851 485 maerensmaerens
870 423 1051 486 Mmoaee.
1087 424 1123 486 l.
1137 430 1215 488 1044.
1358 431 1394 490 at

217 611 365 676 caesaris
395 609 563 676 auxilium
593 615 760 698 expetunt
789 610 923 696 ipsique
951 607 1092 678 inaudes
1121 613 1276 698 tyranni,
1308 631 1393 697 quas

217 703 320 783 pacto
336 699 514 777 intulerat,
537 703 739 765 retexerunt
761 700 798 765 et
821 719 900 765 eum
919 699 965 765 ad
981 702 1246 786 expugnandam
1263 701 1393 766 terram

217 807 317 852 suam
344 788 590 853 invitaverunt.
637 789 795 872 Denique
819 805 945 867 caesar,
976 787 1021 853 ab
1043 789 1086 855 iis
1108 807 1300 875 persuasus,
1332 787 1393 855 sod

217 875 313 960 plus,
348 880 389 940 ut
422 880 543 962 postea
572 877 703 962 patuit,
738 878 835 941 iussu
865 877 1058 942 divinitatis
1088 878 1289 957 instinctus,
1325 879 1394 944 iter

217 984 319 1028 suum
353 965 398 1030 ad
431 965 495 1030 illa
528 965 605 1030 loca
639 966 824 1050 disposuit,
864 983 968 1048 quam
1001 967 1232 1032 occultissime
1265 968 1392 1052 potuit.

219 1051 275 1116 Ibi
297 1071 378 1118 vero
407 1053 478 1118 init
508 1071 655 1132 cernere,
687 1055 768 1137 quia
797 1055 901 1118 iudex
929 1054 1041 1119 iustus
1064 1055 1159 1120 Deus
1182 1055 1394 1120 iniusticiam

216 1141 350 1206 voluit⁸
384 1143 596 1226 disperdere,
632 1144 715 1226 quia
747 1161 849 1208 nemo
877 1143 1078 1207 mortalium
1106 1143 1215 1209 talem
1244 1146 1393 1228 gratiam

217 1231 362 1296 auderet
384 1234 515 1316 optare,
546 1231 684 1314 qualem
710 1235 830 1316 postea
852 1251 914 1316 per
936 1235 1045 1297 semet
1067 1233 1181 1316 ipsum
1203 1232 1315 1297 'voluit
1339 1234 1392 1298 de·

216 1322 420 1384 monstrare.
465 1319 622 1384 Perrexit
651 1321 744 1384 enim
771 1313 867 1398 rexi,
898 1321 997 1403 quasi
1019 1325 1180 1405 pactum⁰
1209 1325 1392 1386 erecturus

216 1409 253 1470 et
277 1407 320 1472 de
342 1408 484 1472 marcha
499 1403 701 1472 Baioariea‘1
718 1425 926 1486 reversurus,
951 1409 1128 1491 geminum
1150 1412 1392 1475 tantummodo

218 1495 348 1559 ducens
378 1493 582 1574 exercitum,
614 1496 781 1560 Noricum
811 1497 847 1560 et
876 1495 1122 1562 Bolemicum1.
1168 1494 1222 1562 De
1251 1498 1392 1582 reliquls

216 1585 316 1666 regui
346 1583 399 1648 sui
429 1584 587 1669 partibus
615 1584 732 1649 nullos
761 1585 829 1649 nisi
858 1584 988 1650 aulicos
1018 1603 1097 1650 suos
1120 1585 1282 1662 habebat,
1314 1605 1393 1670 quo·

217 1671 312 1736 niam
341 1672 521 1736 fructuum
551 1674 696 1757 penuria
722 1672 794 1738 illis
817 1674 991 1758 stipendia
1014 1674 1218 1758 denegabat.
1266 1675 1392 1740 Sedet

217 1761 283 1824 hoc
306 1761 439 1826 feeerat
461 1765 599 1846 praeter
621 1761 804 1826 eonsilium
827 1781 915 1846 pene
939 1763 1093 1826 omnium
1115 1773 1256 1827 suorum
1279 1763 1392 1828 subdi·

216 1851 342 1926 torum,
373 1847 518 1934 ideoque
549 1851 768 1928 credendum,
799 1847 914 1915 Deum
940 1851 1050 1915 menti
1077 1851 1174 1916 illius
1196 1850 1390 1938 inspirasse,
1481 1901 1484 1907 Δ

217 1935 310 2020 quod
328 1939 400 2022 lpse
416 1941 498 2004 ante
514 1937 653 2004 saecula
668 1937 987 2024 praedestinaverat
1001 1939 1161 2004 futurum
1176 1957 1259 2006 esse.
1298 1941 1393 2005 Dum

217 2026 283 2090 hoc
310 2027 378 2091 iter
400 2031 528 2112 ageret,
554 2027 684 2094 Obonis
707 2027 815 2112 legati
838 2025 1030 2113 complures
1053 2033 1223 2094 venerunt
1246 2032 1281 2094 et
1303 2029 1392 2113 iugi—

216 2114 307 2179 tivos
337 2135 425 2194 suos,
458 2115 517 2200 qui
548 2136 626 2181 cum
655 2133 736 2200 rege
764 2116 921 2194 fuerant,
951 2118 1179 2200 repetierunt,
1212 2137 1269 2182 eos
1299 2139 1391 2202 prae·

218 2203 325 2268 donee
346 2205 446 2287 regni
469 2203 524 2268 sui
540 2207 788 2288 conquerentes
811 2208 848 2268 st
871 2205 998 2288 primos
1017 2205 1212 2270 incentores
1228 2206 1391 2271 adversus

216 2295 389 2356 nostrates
412 2292 520 2357 fuisse
543 2292 807 2357 asserebatur-².
857 2292 1054 2376 Principem
1076 2311 1211 2376 quoque
1233 2297 1391 2358 nostrum

218 2379 431 2460 quaerebant
461 2384 615 2445 avertere
645 2380 689 2444 ab
719 2397 776 2457 eo,
809 2373 923 2463 quodf
957 2384 1110 2464 ceperat,
1140 2381 1280 2458 itinere,
1312 2381 1390 2466 plus

218 2465 484 2549 aliquantulum,
516 2486 619 2550 quam
649 2466 913 2552 spoponderant,
937 2470 1195 2552 promittentes;
1231 2470 1390 2534 maximo-

219 2573 299 2638 pere
328 2559 447 2622 tamen
476 2556 738 2622 multitudinem
768 2557 945 2642 explorare
975 2556 1191 2641 satagebant.
1245 2555 1390 2623 Honori·

218 2644 283 2708 fiee
312 2645 452 2728 quidem
481 2663 521 2710 ac
551 2647 723 2730 sapienter
751 2647 880 2711 retenti
910 2650 1001 2723 sunt,
1033 2646 1142 2710 donec
1170 2647 1309 2730 utrique
1337 2666 1390 2712 ex·

218 2733 345 2798 ercitus
374 2735 477 2798 unius
507 2734 576 2800 diei
598 2736 723 2800 itinere
745 2735 927 2800 interiecto
952 2738 1196 2812 convenerunt,
1227 2736 1390 2819 quoniam

216 2820 288 2900 ille,
313 2823 372 2905 qui
390 2841 510 2908 pacem
525 2823 643 2887 fictam
658 2825 921 2907 quaeritaverat,
945 2824 1129 2888 immensas
1152 2824 1267 2908 copias
1283 2844 1462 2889 arma-stc.

216 2912 485 2976 toruminterim
497 2915 800 2995 congregaverat&
829 2911 1018 2990 Oumrero,
1032 2908 1260 2977 internunciis
1271 2914 1389 2976 utrim-

217 3017 284 3079 que
314 2997 610 3077 contionantibus,
646 3019 711 3064 nec
744 3003 899 3084 possent,
935 3019 1000 3065 nec
1028 3000 1160 3066 vellent
1194 2999 1388 3078 conciliare,

218 3089 417 3151 statuerunt
449 3088 551 3152 armis
582 3089 759 3154 decertare
789 3092 824 3153 et
854 3089 946 3154 diem
976 3089 1202 3154 condixerunt
1230 3090 1388 3166 tercium,

196 3175 255 3238 ‘in
284 3191 352 3258 quo
383 3172 538 3240 divinum
568 3177 729 3260 apparuit
759 3177 936 3242 iudicium.
983 3175 1059 3256 Quo
1087 3178 1143 3242 die
1171 3196 1250 3242 cum
1272 3181 1390 3242 noster

217 3264 318 3328 heros
345 3265 391 3328 ad
418 3261 534 3328 locum
560 3265 759 3329 condictum
781 3264 930 3330 venisset
953 3269 989 3330 et
1011 3265 1112 3329 illum
1134 3263 1274 3331 minime
1297 3283 1389 3350 repe-

216 3353 327 3431 risset,
350 3352 469 3418 rolens
492 3373 571 3418 eum
593 3354 728 3437 insequi
751 3354 845 3418 ultra
866 3354 1044 3418 Rubenius
1071 3351 1225 3431 flurium,
1256 3352 1389 3419 invenit

216 3441 284 3505 iter
307 3442 551 3524 stagnantibus
580 3442 678 3524 aquis
702 3445 737 3506 et
759 3443 929 3506 machinis
952 3460 1046 3508 more
1068 3443 1138 3508 illis
1161 3442 1264 3507 solito
1286 3444 1390 3508 inter
1470 3523 1473 3528 r

217 3525 361 3594 elusum.
407 3529 583 3594 Ducatum
607 3535 724 3595 autem
741 3529 987 3614 praebentibus
1002 3530 1140 3616 Ungris,
1164 3549 1249 3614 quos
1273 3551 1389 3596 seeum

216 3617 350 3695 habuit,
378 3621 455 3682 tota
477 3623 579 3684 nocte
603 3620 791 3703 equitando
814 3637 949 3683 sursum
971 3637 1032 3704 per
1053 3621 1164 3704 ripam
1187 3619 1389 3704 crepusculo

216 3705 313 3768 facili
346 3707 436 3771 rado
469 3701 630 3772 transith.
688 3701 860 3787 Quorum¹
897 3708 1085 3772 adventum
1118 3711 1387 3792 prospectantes,

216 3793 276 3875 qui
298 3795 476 3859 machinas
504 3796 756 3874 custodiebant,
786 3795 917 3860 relictis
945 3795 1114 3874 omnibus,
1145 3816 1233 3879 quae
1263 3797 1388 3862 habue-

215 3968 238 4013 a)
252 3965 370 4005 Acecrnuc
379 3967 456 4015 primo
469 3968 588 4016 scripserat
600 3968 670 4017 valet,
689 3972 734 4007 rum
749 3969 850 4010 corroce.
929 3968 952 4020 b)
970 3979 1018 4018 rex,
1036 3969 1094 4018 quod
1107 3969 1130 4007 in
1144 3969 1215 4008 codiee
1228 3969 1292 4018 deest,
1313 3971 1388 4013 adieci.

216 4019 237 4070 e)
251 4019 293 4058 fati
306 4017 404 4069 quadam
418 4020 558 4069 benignitate
571 4022 595 4059 in
609 4033 680 4070 mure.
694 4022 722 4060 ab
736 4023 841 4061 Ammine
856 4021 940 4060 aduno
953 4026 1010 4071 sunt,
1023 4022 1061 4070 qm*
1072 4023 1188 4062 emortuos
1197 4023 1251 4072 pros
1265 4025 1389 4064 annalistae

215 4073 310 4111 {widem
323 4069 414 4116 videus.
477 4071 500 4121 d)
514 4074 618 4114 Baioriea
633 4085 649 4116 c.
714 4074 735 4126 e)
749 4075 793 4124 leot
806 4079 933 4115 asserentes
947 4074 1148 4126 (rcouquerentes).
1169 4073 1235 4119 H.·E.
1296 4075 1388 4127 Oquod

215 4126 309 4164 ituatur
322 4127 346 4165 isa
359 4137 376 4168 c.
429 4125 453 4178 g)
466 4131 614 4176 congregarat
627 4139 644 4169 c.
698 4127 723 4180 h)
737 4129 831 4169 transslt
845 4139 861 4171 c.
915 4128 933 4180 i)
947 4129 978 4168 sic
991 4139 1009 4171 c.

217 4249 243 4315 1)
260 4247 330 4302 Oum
348 4249 471 4303 exereitu
483 4247 585 4303 Norico
604 4253 633 4304 et
644 4249 794 4305 Bohemico
813 4252 907 4304 Simon
917 4252 949 4302 de
961 4252 1036 4303 Kero
1050 4269 1080 4320 p.
1093 4254 1154 4308 112.
1190 4254 1293 4305 Eodem
1310 4255 1388 4305 corbo

215 4327 333 4386 repetens
349 4327 443 4374 codor
461 4321 590 4374 Obroaici
610 4323 912 4391 Tbrorocas'oaip.125.
930 4323 1024 4374 addit:
1043 4326 1071 4376 et
1088 4322 1268 4392 phalangibus
1287 4322 1387 4376 aulico·

215 4405 278 4442 rum
295 4407 416 4447 suorum.
488 4393 516 4459 2)
534 4393 575 4458 Cf.
594 4394 727 4446 Simonan
745 4395 776 4445 dc
793 4395 868 4446 Kera
885 4400 909 4445 or
928 4394 1078 4447 Obrom‘con
1098 4395 1318 4447 lbwroczr'oaam
1337 4395 1355 4449 l.
1369 4395 1387 4448 l.

1139 4501 1174 4555 3*
