3268 5036
263 391 334 448 XVI
524 391 704 446 Arruns
723 391 977 448 Anrfflnrtsns
996 391 1179 450 MAIORES.

264 572 412 638 cellarius
434 575 593 655 quondam
617 573 752 638 Italicus
773 573 831 636 sub
854 572 1010 638 Heinrico
1034 575 1109 637 ΙΙΙ.
1142 574 1330 656 imperatore
1352 598 1439 641 anno

267 667 361 726 1056.
386 661 531 728 ecclesiae
545 661 775 743 Bamberpensi
791 662 974 743 praefectus
996 669 1066 726 crat
1086 669 1116 727 et
1137 663 1174 728 in
1196 664 1301 730 reditu
1324 687 1345 728 0
1368 666 1438 730 celc-

264 749 402 814 berrima
418 750 675 832 pereprinationc
698 751 743 814 ut
756 749 954 832 sepulchrum
968 750 1104 816 Domini
1126 752 1215 830 facta
1237 774 1324 818 anno
1343 760 1438 818 1065.

264 839 347 902 diem
361 860 541 921 supremum
556 838 641 903 obiit.
687 839 797 904 Multa
812 840 850 902 cle
865 838 922 904 boc
942 839 1113 904 Guntlterii
1136 839 1249 906 itinere
1271 863 1310 906 ea
1326 842 1439 907 litteris

264 927 332 992 circs
354 930 399 992 ad
419 927 669 1009 Bomberqenses
696 925 804 991 missis
831 927 1005 992 monachus
1034 927 1070 992 in
1099 949 1176 1010 opus
1204 951 1296 994 suum
1324 931 1440 1012 recepit

264 1022 293 1080 et
314 1022 411 1080 morto
438 1015 573 1097 episcopi
602 1016 705 1079 relata
734 1016 810 1080 baec
839 1015 945 1080 addit:
974 1017 1125 1081 Luctum
1154 1019 1438 1084 inconsolabilem

264 1107 335 1169 suis
370 1105 564 1187 dereliquit.
622 1105 671 1168 Ut
706 1105 798 1169 enim
840 1125 918 1168 oum
956 1126 1041 1190 paee
1080 1108 1233 1171 omnium
1273 1109 1435 1185 dicamne,

147 1207 151 1216 ’
264 1194 390 1258 nostris
412 1193 625 1277 temporibus
648 1193 710 1257 illo
733 1193 770 1256 in
793 1194 982 1257 virtutibus
1005 1195 1114 1259 maior
1136 1215 1233 1258 rarus
1257 1197 1438 1277 quisquam

264 1283 412 1346 surrexit
441 1285 503 1345 aut
531 1281 658 1358 nullus,
690 1285 727 1346 eb
749 1283 806 1344 vix
829 1283 923 1346 aredi
946 1286 1071 1367 potest,
1103 1284 1132 1346 si
1160 1287 1238 1368 posb
1266 1304 1345 1348 eum
1367 1285 1438 1347 iem

263 1371 345 1434 talis
384 1371 429 1434 sit
468 1369 591 1452 aliquis
632 1374 858 1434 surrecturus.
920 1370 1033 1450 Itaque
1067 1371 1162 1435 etiam
1200 1370 1376 1436 Guntlterio
1410 1377 1438 1435 et

263 1457 550 1539 Bamberpensibus
572 1457 737 1522 annalista
759 1464 864 1524 noster
887 1459 1007 1523 arctius
1030 1460 1214 1526 coniunctus
1235 1459 1336 1538 fuisse
1357 1459 1438 1524 oide-

264 1554 325 1628 tur,
356 1567 453 1628 neque
480 1546 598 1611 mirum
626 1553 678 1628 est,
708 1549 792 1628 qnod
818 1549 863 1611 ad
889 1568 940 1611 res
962 1548 1213 1630 Bamberpenses
1240 1548 1368 1632 saqrius
1393 1570 1438 1613 re·

264 1635 405 1700 uertitur.

372 1725 426 1788 Ec
454 1723 510 1805 iis,
540 1745 621 1804 qnae
647 1745 668 1788 a
690 1724 872 1789 Wencesloo
901 1729 930 1788 et
956 1722 1132 1787 Gurrtberio
1162 1726 1321 1804 quondam
1349 1724 1438 1789 audi-

264 1819 361 1893 uerat,
390 1813 541 1895 inprimis
569 1833 646 1894 opus
673 1833 766 1877 suum
792 1812 979 1876 monachum
1001 1811 1207 1875 Attalensem
1234 1811 1436 1893 contendisse,

264 1901 345 1964 olibi
360 1921 552 1982 persuasum
574 1907 628 1964 est.
674 1901 846 1964 Praeterea
868 1901 906 1963 de
928 1899 1036 1963 multis
1062 1899 1155 1964 rebus
1182 1899 1219 1963 in
1247 1899 1437 1964 monasterio

265 2011 321 2054 suo
349 1988 442 2067 facili
471 1989 593 2071 nepotio
623 1989 736 2053 certior
764 1987 838 2068 fieri
865 1993 1000 2069 poterat.
1052 1987 1319 2064 ¹Florentissimae
1353 1987 1438 2052 enim

265 2084 330 2142 tum
357 2083 450 2141 erant
476 2098 528 2140 res
555 2078 762 2157 Altabcnses,
795 2075 942 2142 intimam
976 2097 1046 2142 cum
1079 2077 1187 2141 multis
1219 2076 1374 2142 coenobiis
1401 2077 1438 2141 iu

269 2165 461 2246 Germania,
492 2166 608 2246 Italia,
639 2165 796 2230 Bolcemm
824 2165 1078 2230 consuetudinem
1105 2165 1253 2231 monoobi
1282 2166 1457 2246 colebant·-

264 2254 402 2336 undique
431 2255 552 2319 litterae
581 2254 687 2319 abbati
715 2253 944 2335 afferebantur,
980 2254 1114 2336 loospites
1142 2256 1187 2320 ad
1212 2254 1439 2320 monasteriam

265 2344 469 2408 deuertebant.
525 2342 719 2408 Praesertim
753 2345 791 2408 de
824 2344 916 2409 rebus
949 2343 986 2408 in
1022 2344 1169 2426 Unpario
1200 2343 1296 2425 pestis
1327 2342 1438 2424 optimc

264 2433 453 2497 Altabcuses
475 2432 622 2497 instructi
644 2438 752 2496 erant:
775 2453 853 2496 nam
875 2433 1002 2514 saepius
1023 2433 1228 2514 imperatores
1251 2453 1320 2496 cum
1339 2428 1436 2493 mani-

264 2521 326 2585 mis
354 2521 452 2602 copiis
479 2520 516 2585 in
544 2542 613 2585 eam
636 2527 754 2584 terram
776 2520 1013 2600 proficiscentes
1041 2521 1104 2602 ipsi
1130 2521 1284 2599 ridebant,
1314 2524 1342 2581 et
1370 2516 1437 2594 fere

265 2609 401 2690 quotidie
429 2609 512 2674 inter
540 2631 591 2674 eos
619 2608 868 2690 hospitabantur,
903 2608 959 2688 qui
991 2615 1047 2672 aut
1074 2629 1108 2672 00
1136 2607 1239 2685 ibant,
1275 2611 1331 2668 aut
1363 2603 1437 2667 inde

265 2699 390 2762 domum
412 2698 655 2763 revertebantur.
703 2697 779 2761 Non
807 2695 907 2777 ipitnr
935 2702 988 2777 cst,
1018 2717 1075 2760 our
1103 2695 1263 2772 miremur,
1292 2693 1376 2772 quod
1400 2691 1437 2755 in

264 2807 315 2849 res
345 2786 525 2868 Unparicos
546 2787 640 2850 amba
663 2783 844 2850 annalistae
866 2790 957 2849 tanta
978 2784 1116 2849 ubertate
1138 2782 1327 2847 redundant.
1375 2780 1439 2844 Sed

265 2874 360 2938 etiam
387 2877 425 2939 de
447 2875 572 2956 Anplia
600 2895 621 2937 a
645 2872 847 2938 Normannis
875 2873 1004 2937 subacta
1032 2870 1188 2936 nonnulla
1216 2869 1255 2931 ab
1284 2867 1327 2931 iis
1355 2889 1436 2932 acce·

258 2970 362 3045 perat,
393 2971 451 3047 qui
481 2966 592 3029 eidem
619 2963 712 3028 bello
734 2963 936 3039 interfuere,
966 2967 1001 3026 nt
1027 2959 1094 3041 ipse
1122 2960 1166 3022 ad
1193 2977 1315 3021 annum
1341 2962 1435 3021 1066.

264 3053 372 3131 refert.
420 3053 474 3117 Sic
501 3051 650 3117 scribenti
678 3073 742 3116 non
772 3050 874 3129 defuit
903 3049 992 3132 copia
1019 3069 1134 3127 rerum,
1164 3065 1244 3126 quas
1271 3045 1438 3110 urlioersos

265 3147 300 3205 ut
321 3142 366 3204 ad
386 3141 529 3222 sinpulos
557 3161 660 3204 annos
688 3140 799 3205 ordine
824 3139 1007 3220 disponeret,
1038 3135 1218 3217 dplomata,
1248 3132 1435 3214 necrolopia,

266 3228 482 3294 commentarii
505 3231 542 3293 de
564 3228 645 3292 oiris
666 3228 843 3293 illustribus
865 3225 997 3290 mortuis
1020 3230 1049 3289 et
1071 3226 1108 3288 de
1124 3221 1269 3304 palatiis,
1299 3221 1353 3287 ubl
1381 3221 1436 3284 im·

259 3324 424 3399 peratores
458 3317 525 3381 dies
558 3316 653 3395 festos
688 3317 932 3395 celebrooerant,
968 3312 1111 3393 aliaeque
1145 3317 1236 3375 uotae
1269 3309 1437 3375 historicae

265 3406 405 3471 subsidio
428 3405 457 3470 ei
479 3405 626 3470 ridentur
652 3405 761 3484 fuisse.
808 3403 955 3468 Annales
982 3400 1132 3480 maiores,
1162 3419 1238 3480 quos
1266 3405 1338 3463 ante
1367 3419 1437 3463 eum

266 3495 325 3558 alii
354 3499 602 3576 composuerant,
626 3514 747 3574 parum
776 3513 846 3556 eum
873 3489 1047 3571 impertisse
1074 3488 1189 3554 iudico.
1240 3489 1437 3569 Quamquam
1491 3541 1495 3549 .
1550 3493 1556 3505 '

266 3604 336 3648 cum
358 3582 560 3647 Herimanno
583 3580 742 3663 Auqiensi
771 3581 894 3644 easdem
922 3577 990 3656 fere
1018 3599 1069 3641 res
1097 3575 1195 3641 tradit
1222 3582 1252 3639 et
1278 3575 1437 3640 interdum

265 3671 313 3735 rel
335 3670 491 3736 similibus
513 3670 615 3734 oerbis
637 3668 738 3733 utitur
746 3668 766 3748 1,
795 3673 831 3731 ut
858 3687 923 3731 non
951 3665 1099 3747 dubitem,
1129 3665 1208 3746 quin
1230 3663 1298 3729 eius
1321 3663 1437 3728 librum

265 3760 348 3824 inter
375 3759 573 3824 scribendum
601 3754 755 3836 eooloerit,
790 3761 895 3818 tamen
922 3753 1088 3818 rarissime
1116 3753 1249 3834 oestiqia
1276 3752 1343 3816 eius
1365 3773 1437 3834 per-

265 3850 457 3929 sequebatur.
515 3846 661 3912 Annales
699 3841 811 3908 Sancti
848 3842 1077 3907 fflnmerammi
1113 3841 1236 3906 saeculo
1273 3840 1437 3906 undecimo

265 3936 410 4016 scriptos,
451 3954 584 4014 quorum
622 3932 804 4013 frapmenta
842 3952 943 4013 nuper
969 3930 1190 4014 prodierunt2,
1232 3951 1254 3994 a
1287 3928 1437 4010 scriptore

265 4030 371 4088 nostro
400 4021 556 4086 adhibitos
583 4042 657 4101 esse,
687 4040 752 4084 non
780 4020 968 4102 neparerim,
1000 4022 1055 4084 sed
1081 4020 1264 4101 fraqmenta
1290 4017 1350 4081 illa
1373 4024 1438 4080 tam

265 4111 363 4178 callia
385 4116 467 4191 sunt,
491 4115 526 4174 at
548 4109 623 4174 certi
645 4107 818 4190 quidquam
840 4115 974 4174 statuere
996 4114 1141 4173 metuam.

266 4271 292 4337 1)
311 4269 352 4333 Cf.
370 4267 554 4319 adnotationes
571 4267 608 4317 ad
625 4266 984 4320 anus1043.1052.1054.
1011 4264 1105 4316 Etiam
1123 4265 1154 4315 de
1172 4278 1245 4314 anno
1257 4263 1435 4326 fundationis,

265 4347 295 4392 ut
311 4343 368 4392 iam
380 4354 465 4406 supra
477 4339 576 4389 dictum
588 4345 633 4405 est,
653 4338 791 4390 annalista
803 4343 892 4389 nomer
903 4353 962 4388 oum
974 4335 1143 4388 Hcrimauno
1154 4335 1290 4389 cmtsentit.
1348 4333 1375 4399 2)
1386 4331 1436 4385 SS.

265 4412 359 4477 xrn,
375 4428 405 4478 p.
423 4411 484 4465 574.
503 4412 564 4465 575.
