3268 5036
248 429 282 482 16
376 423 556 480 manes
574 423 828 480 melisenses
846 425 1028 481 MAIORIIS.
1066 426 1101 484 A.
1121 431 1289 485 eet-1009.

247 624 333 675 zatun
368 619 505 675 Iohannes
524 619 700 675 Placentinus
717 621 827 689 praesul
846 613 966 674 contra
983 609 1162 676 Oddonem
1178 611 1419 695 imperatorem

247 691 340 746 sedem
358 692 535 761 apostolicam
553 692 652 745 invasit
670 691 827 746 crescentio
845 692 1013 748 consiliante.

143 787 238 832 antid.
354 783 415 836 008.
451 778 554 834 Mulier
577 781 606 833 in
630 768 813 832 Altahensi
836 768 971 833 familia
993 770 1192 834 monasterii
1217 782 1297 835 enixa
1322 786 1363 836 est
1386 783 1419 836 si·

247 851 305 905 mul
327 852 448 920 quinque
472 851 551 908 filios.
595 851 738 904 Predietus
760 851 869 906 invasor
891 849 1036 920 Iohannes,
1063 853 1097 906 ab
1122 853 1288 922 imperatore
1311 853 1419 907 Otdone

139 932 238 976 auen.
248 926 386 991 caecatus,
411 932 499 976 inraso0
524 926 666 976 huncatus
692 922 847 990 deponitur.
893 921 1064 978 Crescentius
1090 923 1239 978 decollatus
1265 942 1327 978 eum
1353 925 1420 978 duo-

248 993 337 1047 decim
355 993 410 1046 suia
428 997 492 1048 ante
510 994 606 1047 urbem
625 993 743 1047 Romam
762 993 945 1062 suspenditur.

144 1071 238 1116 affild.
354 1067 415 1120 000.
450 1063 588 1118 Adalheid
606 1064 766 1133 imperatrix
784 1065 860 1120 obiit.
896 1063 991 1118 Bruno
1013 1082 1087 1134 pspa
1109 1065 1185 1132 obiit,
1211 1065 1333 1120 succedit
1351 1064 1418 1120 Ger-

247 1135 349 1191 bertus.

140 1198 238 1293 ,2¹30ss
341 1207 452 1274 '1000
497 1211 708 1276 Ramvoldus
727 1211 855 1276 abbas¹
871 1212 967 1276 obiit.
1014 1223 1169 1293 Imperator
1187 1241 1268 1279 causa
1286 1225 1418 1280 oracionis
1429 1239 1462 1287 *n
1472 1239 1520 1281 reo.

233 1283 284 1348 'ad
305 1299 430 1347 sanctum
447 1292 650 1348 Adalbertumb
678 1295 836 1364 episcopum
860 1297 906 1348 et0
934 1299 1082 1364 martyrem
1104 1295 1239 1350 Sclaviarn
1263 1297 1356 1365 intrat„
1380 1297 1418 1350 ihi

248 1364 351 1434 synodo
375 1365 469 1418 habita
492 1368 597 1435 septem
622 1365 760 1436 episcopia
785 1366 917 1434 disposuit
941 1370 969 1420 et
987 1365 1182 1435 Gaudentium,
1207 1367 1320 1421 fratrem
1345 1367 1418 1422 beati

248 1453 400 1521 aldelberti,
423 1442 631 1506 monachum
649 1453 884 1524 archiepiscopum
897 1455 1017 1509 ordinari
1028 1455 1113 1511 iussit.
1144 1454 1214 1510 Inde
1226 1473 1349 1510 reversus
1361 1456 1418 1525 pal·

248 1541 306 1578 mas
324 1523 539 1595 Magaednburg‚
561 1541 644 1594 pasca
660 1523 883 1596 Quitilingsburg
905 1527 970 1596 egit.
1006 1526 1174 1596 Aquisgrani
1191 1526 1284 1595 magni
1302 1528 1417 1595 impera·

248 1614 315 1667 toris
328 1612 419 1667 Caroli
431 1630 498 1681 ossa,
518 1623 538 1666 1
554 1600 710 1696 pluribus
725 1602 851 1666 inscite
860 1604 880 1680 ²,
901 1614 1042 1684 qnaesivit.
1081 1603 1169 1668 Inde
1183 1604 1329 1667 Romam
1344 1605 1417 1668 ivit.

144 1693 238 1737 allud.
356 1687 433 1740 1001.
471 1683 544 1738 Otdo
562 1702 601 1738 rm
621 1688 712 1738 erutor
729 1683 784 1737 m.
803 1685 893 1739 natale
911 1685 1023 1739 Domini
1041 1685 1147 1739 Romae
1166 1687 1294 1742 celebrat.

209 1767 238 1808 ib.
356 1759 433 1811 1002.
470 1753 543 1809 Otdo
610 1755 1417 1825 ,111111101111111111111111111111

249 1844 304 1897 dux
322 1843 511 1897 Baioarierum
530 1843 652 1898 succedit
670 1832 831 1897 feliciter.

209 1927 253 1969 ib.·
356 1917 432 1970 1003.
468 1913 631 1968 Incendium
643 1914 803 1983 Papiam-³.
840 1913 995 1985 Stephanus
1013 1933 1062 1969 rex
1074 1915 1228 1986 Ungan'cus
1241 1933 1323 1986 super
1335 1933 1417 1970 avun-

248 1986 339 2039 culum
358 2002 437 2038 suum
456 1984 548 2038 Iulum
566 2001 659 2056 regem
679 2003 740 2039 cum
760 1986 881 2040 exercitu
899 1987 982 2054 venit,
1008 2003 1090 2054 quem
1114 2003 1176 2040 cum
1196 1987 1419 2056 adprehendisset

248 2073 311 2110 cum
336 2073 421 2110 uxore
446 2073 477 2110 ac
503 2056 609 2110 duobus
628 2057 685 2110 eius
703 2055 773 2125 filiis,
797 2074 912 2127 regnum
931 2058 957 2111 vi
977 2058 1011 2111 ad
1030 2057 1259 2112 christianismum
1278 2059 1417 2128 compulit.

209 2153 238 2196 1.
248 2133 294 2198 Et
324 2133 505 2197 castellum
529 2133 709 2197 Ohrusne⁴
738 2135 953 2198 destructum
976 2138 1039 2200 est.
1085 2145 1232 2213 Heminae,
1255 2145 1418 2201 Berhtholdi

248 2215 354 2270 comitis
379 2215 458 2282 filius,
484 2220 511 2270 et
529 2215 623 2270 Bruno
648 2215 734 2270 irater
758 2217 830 2286 regis
848 2218 984 2286 amboque
1002 2217 1197 2285 Bolizlavones,
1216 2217 1372 2272 Bolianieus
1390 2221 1419 2272 et

246 2287 401 2353 Boemicus,
426 2305 443 2340 e
467 2303 532 2356 rege
557 2287 696 2343 deficiunt.
734 2287 790 2342 Sed
814 2292 841 2342 et
866 2287 1011 2357 Hennam,
1040 2289 1075 2342 ad
1099 2306 1194 2360 regem
1218 2288 1365 2358 refugiens,
1389 2289 1418 2342 in

247 2357 434 2413 Gibicanstein
453 2358 591 2412 custodiae
610 2359 789 2427 mancipatur.
1375 2395 1376 2400 ,

208 2436 238 2481 lb.
355 2433 432 2486 1004.
469 2428 631 2484 Incendium
650 2428 760 2498 Papiae.

207 2508 237 2552 ib.
355 2504 431 2557 1005.
468 2500 634 2554 Bernharius
654 2500 755 2554 abbas⁵
773 2500 850 2568 chilt,
868 2501 990 2555 succedit
1008 2501 1201 2556 Gothehsrdus
1219 2501 1328 2558 abbasss.

142 2562 238 2657 Affi·
354 2575 431 2628 1006.
468 2569 568 2625 valida
585 2571 679 2626 semes.
717 2569 886 2624 Guntharius
903 2573 1053 2625 monachus
1072 2573 1159 2626 factus
1178 2577 1227 2629 est.

106 2675 237 2720 ananau
356 2653 450 2710 1007.
497 2648 724 2713 Bernwerdus
744 2646 1108 2731 Hyldenesheimensis
1133 2651 1311 2734 episcopus
1328 2648 1416 2714 Gan-

247 2737 527 2802 denesheimense
551 2736 797 2801 monasterium
819 2736 966 2813 dedicet,
991 2739 1027 2801 et
1042 2737 1237 2821 willigisus
1253 2737 1416 2822 archiepi-

248 2845 369 2909 scopus
386 2825 592 2902 conflictum,
617 2845 718 2908 quem
734 2826 902 2889 hactenus
919 2830 1038 2890 contra
1054 2825 1416 2891 Hildenesheimenses

248 2915 399 2978 exercuit
429 2914 656 2998 impudenter,
687 2913 736 2977 ihi
766 2914 802 2977 in
831 2914 1025 2998 praesentis
1052 2915 1267 3000 imperatoris
1291 2919 1327 2980 et
1351 2915 1416 2999 epi·

247 3023 426 3087 scoporum
455 3003 668 3086 aliorumque
698 3002 891 3087 principum
921 3004 1012 3081 finit,
1043 3008 1228 3088 nostroque
1259 3004 1416 3088 episcopo

246 3091 283 3154 in
306 3112 388 3156 suec
411 3092 725 3156 abrenunciationis
752 3092 990 3157 testimonium
1017 3093 1246 3176 episcopalem
1268 3092 1418 3156 ferulam

245 3180 391 3244 tradidit
402 3180 421 3258 ⁷,
447 3184 482 3246 et
497 3201 606 3264 usque
622 3182 715 3265 apud
730 3181 814 3245 nos8
833 3182 1014 3246 retinetur.
1053 3180 1235 3264 Expeditio
1252 3181 1296 3242 ad
1313 3177 1416 3242 Gent.

247 3269 404 3333 Baldwin
428 3263 518 3332 duxf
544 3269 689 3334 Henrioi
712 3270 802 3352 regis
826 3269 1019 3332 dominatui
1042 3267 1274 3332 substernitur
1283 3265 1305 3325 ⁹.

141 3368 236 3413 111111,
354 3355 432 3409 1008.
468 3351 636 3406 Guntharius
654 3353 796 3406 heremum
814 3351 968 3405 inhabitare
986 3350 1067 3420 cepit.

355 3433 450 3492 1000.
495 3430 616 3494 Mettis
647 3429 690 3492 ab
719 3428 871 3492 Henrico
901 3427 1079 3491 obsidetur
1090 3424 1116 3462 ¹⁰
1139 3427 1175 3487 et
1199 3421 1416 3505 Sercbrugkc

247 3518 452 3583 debellatur.

245 3712 267 3758 a)
281 3720 337 3749 nun
351 3721 381 3757 c.,·
395 3709 599 3750 nasceremur.
652 3705 676 3758 b)
690 3706 808 3746 elbertum
822 3717 838 3747 c.
893 3706 913 3752 c)
928 3715 962 3753 ep.
976 3706 1007 3750 et,
1023 3714 1077 3752 quae
1091 3703 1208 3742 Ismenus
1223 3703 1301 3753 omisit,
1317 3703 1417 3752 Quotus·

246 3764 305 3812 apud
320 3763 469 3804 semesum.
522 3761 546 3809 d)
560 3763 591 3803 10.
601 3761 629 3802 Κ.
638 3761 663 3802 F.
676 3759 794 3798 Amanus
807 3760 830 3796 ἐκ
844 3769 914 3806 marq.
929 3757 1014 3804 adiecit,
1029 3756 1218 3804 simulationum.
1273 3758 1294 3804 e)
1309 3757 1332 3795 in
1345 3768 1416 3805 marc.

245 3816 397 3865 Bahobergae.
450 3816 523 3863 sirex
538 3826 562 3864 c..
577 3814 634 3864 quod
647 3813 740 3854 ementi.

246 3975 272 4042 1)
289 3975 317 4030 S.
329 3975 529 4028 Emmeramms'.
561 3973 602 4037 Of.
620 3974 692 4025 Ana.
705 3972 733 4026 S.
746 3971 940 4023 Emmcrcmmi
951 3970 1054 4024 Basse.
1072 3978 1097 4023 ct
1114 3972 1235 4024 Annales
1253 3972 1417 4024 brwbsimm

244 4047 358 4099 eiusdem
375 4047 538 4098 mosterii.
611 4042 883 4109 clementianum.
956 4041 983 4109 3)
995 4041 1037 4106 Cf.
1053 4059 1079 4098 a.
1091 4044 1169 4098 1004.
1240 4043 1416 4110 101111.

246 4118 287 4182 Cf.
304 4117 529 4181 Ibietmoruml',
549 4113 691 4181 13401).
764 4113 1007 4180 b)Hcrsfcldenais.
1075 4113 1102 4181 6)
1113 4113 1277 4168 Altchmcs's.
1344 4110 1417 4180 r)1n

243 4186 429 4241 testimenium
447 4184 527 4237 huius
540 4183 784 4237 abrenuntiationis
802 4181 917 4237 ferulam
936 4183 1118 4253 episcopalem
1135 4184 1236 4237 domno
1248 4180 1417 4237 Bernwerdo

243 4257 365 4312 tradidit.
405 4258 467 4308 Vita
485 4257 648 4309 Bemwarde'
670 4273 691 4310 c.
708 4258 753 4311 43.
790 4257 831 4320 Of.
849 4255 1030 4319 Wolfhers'um
1048 4259 1078 4308 in
1094 4258 1156 4307 Vita
1176 4256 1332 4308 Godctards'
1345 4261 1415 4322 poet.

243 4333 320 4386 117.
413 4328 441 4396 8)
457 4329 481 4382 I.
499 4345 521 4383 c.
539 4327 783 4384 Hildcshcimcnscs.
876 4327 907 4400 9)
921 4328 962 4392 Cf.
985 4327 1167 4380 Thietmcrum
1190 4327 1236 4392 VJ,
1259 4342 1280 4379 c.
1299 4328 1334 4380 29
1351 4325 1416 4391 (22).

245 4401 290 4469 10)
308 4400 349 4464 Cf.
372 4400 481 4454 Ihietm.
499 4400 545 4466 Vl,
565 4416 585 4454 e.
604 4402 638 4454 41
656 4399 719 4467 (28).
