3270 5028
357 437 537 493 ANNALas
556 437 810 494 ALTAHENSES
828 437 1011 496 MAIORES.
1047 437 1084 497 A.
1097 441 1282 496 loss-1060.
1372 439 1407 496 55

234 641 354 706 pacem
382 622 518 686 firmare
547 621 642 699 fecit,
674 642 824 687 sororem
850 622 996 686 tradidit
1025 625 1061 686 et
1083 642 1163 685 mox
1185 642 1221 686 se
1244 623 1281 685 in
1304 621 1407 686 Fran·

235 711 323 774 ciam
343 711 485 794 recepit.
531 710 738 775 Autumnali
766 711 875 794 igitur
903 714 1058 794 tempore
1088 711 1158 774 dux
1182 708 1407 774 Oharintano·

232 803 332 862 rum⁸
366 797 511 862 Ohuono
540 798 817 882 Longobardiam
845 798 962 864 valida
995 819 1102 862 manu
1135 802 1188 864 est
1222 799 1404 882 ingressus,

233 888 294 952 sed
316 887 556 952 resistentibus
587 887 653 953 sibi
676 887 943 972 provincialibus
972 887 1123 971 turpiter
1145 890 1199 952 est
1220 906 1404 970 regressus.

233 975 331 1040 Ebbo
355 975 461 1040 abbas
484 974 667 1041 Fuldensis
691 979 744 1041 est
766 975 962 1053 defunctus,
993 976 1030 1039 in
1054 975 1150 1039 cuius
1173 975 1288 1039 locum
1312 975 1513 1059 eligi-soma.

232 1067 291 1126 tur
314 1063 509 1147 sigifridus,
533 1064 687 1129 eiusdem
710 1063 986 1147 congregationis
1008 1065 1197 1128 monachus
1208 1062 1230 1127 ¹.

770 1215 867 1288 1059.

339 1310 570 1375 Nativitatem
599 1311 741 1374 Domini
776 1312 868 1394 apud
898 1311 1128 1394 Argentinam
1161 1330 1222 1375 rex
1254 1309 1404 1375 feriavit.

232 1398 310 1463 Hoc
326 1419 417 1463 anno
432 1399 600 1464 frumenti
622 1403 659 1464 et
681 1399 753 1462 vini
776 1400 859 1463 satis
884 1399 1064 1464 abundans
1080 1399 1179 1482 copia
1193 1399 1231 1461 in
1246 1398 1407 1464 Baioaria

231 1480 336 1564 tuith,
373 1488 434 1550 sed
462 1487 575 1569 gravis
605 1486 806 1572 pestilentia
834 1487 1014 1550 hominum
1043 1486 1312 1569 animaliumque
1344 1507 1406 1572 per

232 1578 344 1639 totam
366 1575 577 1658 provinciam
600 1575 822 1658 grassabatur
831 1575 852 1636 ².
887 1575 1005 1639 Abbas
1020 1574 1260 1640 Herfeldensis
1275 1576 1517 1658 Megia-sata.

232 1665 315 1743 hera
345 1663 442 1727 obiit.
489 1663 678 1748 Episcopus
708 1663 814 1728 etiam
845 1665 887 1727 de
917 1662 1154 1740 Halberstatt‚
1185 1663 1505 1728 Purchardusomu.

231 1753 381 1829 nornine,
406 1754 442 1816 ot
464 1752 739 1836 archiepiscopus
755 1752 1065 1835 Magontiacensis⁰
1085 1751 1293 1835 Liutpoldus
1314 1753 1406 1816 viam
1414 1772 1494 1816 nest.

231 1840 377 1924 ingressi
400 1843 482 1904 sunt
506 1841 617 1904 carnis
639 1841 820 1905 universae
830 1838 851 1902 ¹.

339 2088 620 2152 Incarnationem
643 2088 785 2151 Domini
806 2108 868 2153 rex
890 2087 1077 2170 Frisingun
1100 2087 1172 2170 egit
1181 2087 1203 2166 ³,
1235 2088 1405 2172 episcopa·

230 2180 308 2240 tum
322 2171 667 2240 Halborstatonsem‘1
687 2175 886 2239 Purchardo
909 2176 1016 2238 dedit.
1056 2175 1198 2238 Sacrum
1220 2176 1405 2259 epiphania

233 2263 406 2346 Ottingun
437 2264 640 2340 celebravit,
677 2284 717 2327 ac
748 2263 912 2346 Sigifrido
948 2262 1068 2326 abbati
1098 2262 1264 2327 Fuldensi
1298 2264 1490 2328 archi-nas.

232 2352 469 2436 praesulatum
501 2352 720 2435 Magontiae⁰
759 2351 906 2414 tradidit
914 2350 937 2412 4.
994 2351 1182 2433 Regressus
1216 2354 1334 2415 autem
1368 2353 1405 2415 in

232 2440 430 2516 Franciam,
466 2440 676 2504 Fuldeusem
707 2439 869 2504 abbatem
899 2440 1024 2504 statuit
1053 2438 1284 2516 Wittradum,
1321 2439 1405 2504 eius·

232 2529 311 2593 dem
335 2529 610 2612 congregationis
633 2529 842 2592 monachum
851 2527 872 2590 ⁵.
919 2521 1062 2592 Hiemsf
1087 2531 1162 2591 tam
1190 2527 1315 2592 acerba
1344 2548 1405 2612 per

231 2617 461 2683 Teutonicum
485 2637 633 2700 regnum
656 2615 860 2694 habebatur,
889 2619 931 2680 ut
954 2617 1187 2681 immensitate
1211 2636 1250 2680 ac
1275 2617 1404 2680 diutur-

231 2706 343 2770 nitate
366 2706 453 2770 nivis
478 2726 517 2770 ac
540 2706 678 2789 frigoris
694 2706 797 2768 multi
812 2705 975 2769 mortales
998 2706 1064 2768 hac
1082 2705 1159 2771 luce
1175 2705 1403 2790 privarentur.

231 2794 313 2858 Mox
336 2797 455 2859 secuta
477 2798 530 2858 est
553 2815 720 2877 aquarum
749 2794 830 2857 talis
859 2793 991 2870 effusio,
1023 2794 1134 2876 qualis
1156 2795 1214 2857 vix
1237 2797 1298 2858 aut
1319 2816 1404 2857 nun·

232 2903 335 2965 quam
366 2882 480 2947 fertur
509 2884 547 2946 in
576 2882 638 2947 illo
667 2903 774 2965 regno
808 2881 1069 2966 provenisse⁸·⁶.
1115 2882 1190 2947 Rex
1220 2886 1337 2946 autern
1367 2883 1404 2946 in
1413 2902 1475 2946 css.

232 2966 454 3034 Halberstatt
482 2972 617 3055 peregit
643 2973 803 3034 sanctum
830 2969 964 3054 pasca⁷‚
996 2973 1032 3034 et
1055 2990 1133 3034 mox
1156 2991 1196 3034 eo
1219 2972 1403 3037 recedente
1413 2990 1519 3034 macc.

232 3058 378 3122 ecclesia
400 3059 475 3141 ipsa
498 3079 576 3122 cum
599 3058 676 3122 aliis
700 3059 865 3122 aedificiis
889 3061 942 3122 est
964 3058 1045 3141 igne
1069 3063 1280 3143 consumpta.
1325 3058 1403 3122 Hac

232 3149 365 3210 aestate
390 3145 617 3211 Ohuonradus
642 3147 820 3231 episcopus
843 3145 1107 3211 Nemidonensis
1130 3147 1226 3225 obiit,
1252 3147 1307 3211 cui
1325 3146 1509 3216 ‚un-ian.

232 3236 312 3298 hart
335 3235 500 3300 successit
510 3235 531 3297 1.
567 3235 649 3299 Piae
665 3235 849 3300 memoriae
865 3234 1065 3299 Baldwinus
1081 3235 1281 3300 Iuvavensis
1297 3233 1493 3306 archi-ipss.

133 3323 370 3407 anapraesul
401 3327 453 3388 est
483 3323 684 3402 defunctus,
711 3319 786 3407 *pro
816 3344 883 3407 quo
914 3323 1055 3406 eligitur
1079 3322 1304 3388 Gebehardus
1328 3341 1404 3385 can·

233 3411 393 3477 cellarius
401 3412 424 3474 ⁸.
470 3412 548 3476 Hoc
571 3413 679 3495 igitur
701 3432 792 3476 anno
815 3412 903 3475 obiit
925 3432 1016 3496 papa
1030 3409 1226 3488 Nicolaum,
1250 3429 1312 3494 pro
1335 3427 1402 3491 quo

232 3564 255 3615 a)
268 3565 441 3606 Charitanornm
455 3577 472 3610 c.
525 3566 549 3618 b)
563 3566 690 3606 habebatur
704 3566 787 3607 sumna
803 3566 879 3604 matus
892 3564 908 3617 (ε
913 3564 1074 3615 grassabatur).
1126 3566 1148 3612 c)
1161 3563 1307 3613 Mognntinus
1319 3561 1403 3608 Statua.

233 3616 257 3669 d)
270 3619 488 3660 Hslbarstuttcnssm
502 3631 519 3662 c,
587 3620 608 3672 e)
621 3619 737 3670 moguntie
751 3619 836 3662 statua
902 3619 921 3670 s)
935 3629 971 3667 ap.
985 3617 1069 3662 Statua.
1085 3617 1153 3660 addit.
1167 3617 1231 3660 haec.
1297 3617 1320 3666 g)
1335 3627 1369 3666 pr.
1385 3627 1403 3661 r.

233 3671 317 3714 statua.
331 3673 407 3712 multus
421 3672 539 3724 (zeffusio).

234 3794 262 3861 1)
279 3796 320 3860 Of.
339 3795 518 3851 Lambcrtum.
608 3796 636 3862 2)
659 3795 701 3860 Cf.
720 3793 903 3848 Bccthcldum.
999 3792 1027 3860 3)
1043 3789 1217 3845 Wormscias
1234 3791 1401 3858 humbertus,

232 3867 309 3917 matus
332 3881 411 3918 error
435 3867 594 3932 muntfestus
617 3873 663 3920 cst.
699 3866 752 3932 [At
775 3865 841 3930 uide,
867 3879 934 3930 quae
958 3863 994 3917 H.
1013 3863 1144 3915 Brmslau
1164 3863 1195 3914 iu
1214 3861 1403 3914 ‘Jatrautwr’

233 3936 273 4002 11,
290 3952 319 4003 p.
331 3938 393 3990 428.
411 3943 436 3987 et
447 3936 538 4002 Meyer
549 3953 598 3989 von
609 3937 729 3988 Kumuu
746 3937 777 3986 iu
790 3933 980 3986 ‘Jahruutwr'
997 3933 1021 4000 Ι,
1038 3949 1067 4000 p.
1081 3934 1132 3988 156
1144 3948 1182 3998 aq.
1200 3932 1232 3983 dc
1243 3931 1294 3983 hac
1305 3931 1403 3983 ducre-

230 4007 329 4074 pautc'u
346 4007 486 4072 sentiunt]
539 4006 568 4074 4)
586 4007 628 4072 Of.
644 4007 804 4057 Marianum
816 4004 940 4056 Scottum.
994 4003 1022 4070 5)
1039 4002 1081 4068 01.
1098 4001 1270 4054 Lamtcrtum
1287 4017 1313 4056 a.
1323 4003 1402 4057 1059.

234 4077 261 4143 6)
283 4077 347 4128 Vitta
365 4076 540 4128 Barthobtum
558 4083 582 4128 et
599 4077 720 4128 Annales
737 4077 918 4140 Augustanos.
1013 4073 1040 4141 7)
1064 4073 1106 4138 Cf.
1126 4073 1206 4124 Gesta
1223 4073 1403 4139 cpiscoporum

232 4147 499 4199 Haltcrstadmsium
517 4147 580 4213 (SS.
594 4147 705 4212 XXIII,
721 4163 750 4213 p.
763 4147 821 4210 96).
892 4144 921 4211 8)
933 4144 975 4209 Of.
987 4144 1108 4196 Annuus
1119 4142 1148 4197 S.
1160 4141 1293 4196 sudum·
1303 4141 1402 4196 satas.

233 4217 262 4284 9)
285 4218 408 4283 Constat,
435 4232 520 4268 numae
544 4218 648 4268 mmum
672 4217 745 4268 Iulio
769 4217 838 4268 anui
854 4215 933 4270 1061.
958 4215 1099 4266 Nicolaum
1120 4211 1159 4264 ΙΙ.
1183 4217 1318 4264 mortuum
1341 4225 1402 4266 cccc.

234 4287 320 4352 Quam
339 4288 370 4339 ob
387 4303 443 4339 rem
462 4289 561 4354 omnia,
581 4303 647 4354 quac
664 4287 708 4338 Iu'o
723 4287 755 4338 de
766 4286 905 4338 schismate
916 4290 1079 4350 narrantur,
1098 4283 1135 4334 cut
1146 4291 1249 4334 aunum
1259 4287 1403 4347 ammentum

233 4359 374 4423 referenda
391 4363 462 4412 sumt.
499 4357 541 4422 Cf.
559 4359 798 4410 cmummtatimum
816 4371 909 4422 meam,
928 4369 1010 4421 quam
1026 4355 1171 4420 mammet:
1193 4351 1253 4404 ‘Dic
1270 4349 1403 4402 Ktrctm-

233 4428 361 4494 spattuup
378 4429 447 4480 nach
465 4429 523 4480 clem
539 4429 607 4480 Tecta
619 4428 748 4479 Nicotaus
758 4426 809 4480 ΙΙ]
827 4432 851 4477 et
868 4425 1029 4490 frapmcutt's
1046 4423 1197 4477 Annalium
1214 4421 1403 4475 Attahmsium

233 4498 358 4553 adiunxi.
