3268 5036
394 489 574 545 ANNALRS
592 489 846 547 sarmium
863 490 1047 550 MAIOBES.
1082 492 1210 551 11011
1353 497 1390 551 37

211 674 351 740 veribus
373 675 550 758 operiunt;
578 673 701 738 lancea
720 675 813 758 regis
836 676 1004 740 deaurata
1026 675 1201 760 capitur¹;
1226 676 1387 760 episcopi,

213 763 394 846 capellani,
418 763 601 846 principes,
625 760 686 826 alii
701 763 894 846 complures
911 765 1154 842 retrahuntur;
1177 766 1389 848 tandemque

213 852 324 915 nostri
352 851 479 915 nimiae
509 851 623 916 caedis
658 851 808 935 pertaesi
837 851 883 916 ad
913 856 1027 917 castra
1055 873 1119 917 sua
1140 857 1284 918 orantes
1307 857 1389 918 sunt

211 940 368 1022 regressi.
414 939 573 1021 Denique
601 959 718 1003 caesar
747 939 968 1005 discalciatus
991 943 1028 1005 et
1049 941 1160 1006 laneis
1182 941 1228 1006 ad
1251 961 1391 1007 carnem

212 1028 356 1092 indutus
386 1031 469 1092 ante
491 1028 598 1092 vitale
628 1031 769 1093 sanctae
797 1030 907 1093 crucis
935 1029 1071 1112 lignum
1097 1030 1255 1114 procidit,
1285 1031 1390 1095 idem

212 1135 280 1198 que
314 1115 462 1201 populus
496 1137 567 1180 una
601 1137 680 1180 cum
713 1118 926 1201 principibus
959 1117 1062 1194 fecit,
1100 1118 1168 1202 ipsi
1203 1119 1389 1183 reddentes

213 1205 380 1269 honorem
409 1207 446 1268 et
474 1205 637 1287 gloriam,
670 1207 730 1289 qui
758 1206 830 1269 illis
859 1207 1003 1270 dederat
1031 1210 1170 1270 tantam
1197 1207 1388 1284 victoriam,

210 1297 287 1357 tam
306 1293 495 1369 mirificam,
519 1297 594 1356 tam
614 1295 868 1371 incruentam⁸,
891 1295 953 1359 sed
976 1298 1012 1358 et
1035 1315 1097 1378 pro
1115 1296 1232 1359 divino
1246 1313 1390 1360 munere

213 1401 332 1446 omnes
347 1380 507 1445 omnibus
523 1382 738 1459 dimiserunt,
761 1382 821 1464 qui
836 1383 1014 1466 quippiam
1027 1384 1065 1445 in
1081 1403 1117 1448 se
1134 1385 1390 1448 committentes

212 1471 264 1534 eis
294 1468 467 1534 debitores
495 1469 650 1534 fuerunt.
696 1470 780 1534 Post
809 1471 896 1534 haec
924 1474 1078 1534 mortuos
1108 1491 1197 1548 suos,
1228 1473 1288 1554 qui
1317 1491 1390 1556 per·

213 1559 317 1642 pauci
346 1561 459 1634 erant,
490 1558 712 1639 quaesierunt
742 1561 778 1622 et
807 1559 856 1621 eis
886 1557 1044 1623 debitum
1072 1559 1301 1624 humanitatis
1330 1559 1391 1623 im·

213 1647 419 1730 penderant,
443 1645 634 1710 vulneratis
660 1649 778 1710 autem
800 1666 906 1728 quam
927 1650 1090 1730 poteraut
1113 1667 1241 1723 curam,
1272 1651 1308 1711 et
1330 1667 1389 1712 eos

211 1735 420 1798 remiserunt
442 1736 488 1798 ad
509 1734 669 1818 patriam.
715 1734 857 1799 Interea
885 1734 1033 1818 populus
1059 1739 1173 1800 terrae
1200 1755 1294 1799 nunc
1317 1755 1391 1818 gre·

212 1824 324 1906 gatim
352 1843 446 1886 nunc
475 1822 682 1906 singillatim
703 1824 800 1887 venit
823 1827 859 1888 et
881 1824 1012 1887 caesari
1034 1824 1158 1887 victori
1184 1843 1222 1888 se
1244 1824 1387 1901 dedidit,

213 1912 273 1993 qui
302 1911 439 1996 placido
473 1912 625 1995 suscepit
654 1931 712 1976 eos
740 1911 859 1989 vultu,
893 1912 1040 1976 tradidit
1069 1913 1173 1977 Petro
1206 1913 1281 1996 regi
1315 1933 1389 1977 suo.

213 2000 302 2065 Inde
325 2000 429 2064 simul
451 2004 611 2084 pergunt,
634 1999 867 2083 Wiaenburg²
889 2001 1035 2064 veniunt
1060 2021 1187 2084 magno
1210 2002 1388 2079 comitatu,

212 2088 1391 2255 1111111111111111111111111111

212 2266 252 2327 in
277 2265 409 2348 templo
435 2264 607 2348 Deiparae
634 2264 788 2346 virginis,
818 2264 879 2327 ubi
909 2267 984 2328 erat
1014 2266 1237 2347 congregatio
1266 2267 1390 2349 princi·

214 2357 331 2436 pum⁰,
362 2356 399 2416 et
425 2353 519 2434 regis
549 2353 595 2415 ad
620 2351 788 2436 populum
810 2355 846 2416 et
868 2351 989 2435 populi
1012 2353 1057 2415 ad
1078 2371 1196 2436 regem
1216 2352 1314 2417 facta
1335 2358 1390 2418 est

212 2440 460 2504 reconciliatio.
518 2439 595 2503 Illis
629 2440 735 2504 etiam
772 2440 973 2524 petentibus
1007 2441 1176 2504 concessit
1207 2459 1269 2504 rex
1302 2443 1390 2506 scita

213 2528 434 2606 Teutonicai,
465 2532 502 2594 et
529 2529 728 2611 relinquens
756 2528 828 2591 illis
857 2549 997 2593 suorum
1025 2529 1205 2612 praesidia,
1236 2529 1310 2614 ipse
1333 2531 1391 2594 do-

213 2638 311 2680 mum
331 2617 435 2682 rediit
458 2621 495 2681 et
516 2617 759 2700 Radasponam
780 2619 886 2682 venit.
932 2617 1013 2681 Non
1041 2618 1136 2701 prius
1165 2619 1319 2700 gustarit
1349 2637 1391 2683 ea

215 2706 271 2770 die
300 2706 493 2790 quippiam,
528 2725 633 2788 quam
664 2705 798 2790 templa
830 2707 946 2771 omnia
978 2706 1083 2770 nudis
1112 2707 1257 2790 pedibus
1286 2711 1323 2772 et
1351 2708 1390 2770 in

213 2793 325 2859 laneis
340 2795 499 2858 circuivit
520 2799 557 2859 et
580 2795 705 2859 altaria
722 2795 932 2880 templorum
947 2794 1092 2878 singulis
1108 2793 1223 2878 palliis
1238 2797 1388 2860 vestivit.

214 2882 295 2947 Non
317 2884 391 2947 visa
411 2885 507 2968 prius
528 2884 567 2946 in
590 2903 632 2948 ea
653 2884 740 2948 urbe
767 2887 870 2948 tanta
892 2877 1030 2948 divina(l
1055 2883 1226 2948 exultatio
1253 2885 1384 2968 plebis⁰

214 2975 252 3034 et
280 2972 490 3055 principum,
522 2976 597 3036 tam
625 2973 751 3037 devota
780 2972 983 3036 clericorum
1012 2974 1048 3036 et
1076 2973 1324 3036 monachorum
1353 2977 1390 3037 et

215 3059 389 3142 virginum
405 3058 535 3123 Ohristi
556 3059 725 3124 laudatio.
771 3059 955 3124 Caeterum
969 3059 1045 3125 Obo
1067 3059 1207 3143 fugiens
1229 3061 1267 3124 in
1286 3081 1390 3145 quen·

215 3148 297 3211 dam
318 3148 434 3212 vicum
455 3149 623 3232 pervenit,
646 3147 798 3231 villaque
826 3148 975 3213 fulmine
1005 3168 1170 3214 succensa
1198 3150 1272 3234 ipse
1301 3170 1390 3234 pene

214 3236 365 3313 interiit,
402 3240 437 3302 et
466 3237 524 3300 vix
555 3236 692 3320 elapsus
725 3236 911 3319 fugitando
945 3236 1128 3315 latitabat,
1163 3258 1273 3321 usque
1306 3239 1391 3302 dum

215 3326 482 3409 comprehensus
509 3325 683 3390 communi
709 3326 837 3389 iudicio
860 3329 1058 3390 nostrorum
1079 3329 1116 3392 et
1138 3347 1280 3391 suorum
1302 3327 1391 3410 capi·

215 3413 324 3478 talem
345 3414 440 3478 subit
462 3433 598 3498 penam.

323 3501 389 3566 His
419 3503 548 3567 auditis
577 3503 649 3566 dux
676 3496 899 3568 Goteiridus‘
932 3521 994 3586 per
1023 3503 1150 3568 amicos
1179 3505 1216 3567 et
1244 3502 1389 3567 nuncios
1500 3517 1504 3524 ’

216 3609 316 3654 aures
340 3591 485 3656 caesaris
508 3591 601 3674 cepit
624 3589 841 3676 compellare,
871 3595 914 3654 ut
935 3591 1145 3656 sententiam
1166 3611 1266 3655 suam
1287 3610 1391 3674 super

216 3677 318 3741 illum
348 3679 550 3761 dignaretur
577 3683 728 3756 mutare,
759 3680 920 3762 spondet,
951 3679 1116 3762 quicquid
1144 3679 1462 3762 imponeretumrr.

216 3785 253 3830 se
287 3766 513 3834 libentissime
546 3771 723 3846 acturum,
757 3787 954 3851 passurum,
989 3768 1019 3832 si
1052 3770 1192 3832 tantum
1224 3767 1391 3834 retineret

216 3937 240 3988 a)
253 3937 349 3977 Centum
363 3942 387 3978 et
400 3941 451 3978 0010
464 3937 589 3980 desiderati
601 3943 655 3979 sunt
668 3940 731 3979 addit
744 3939 862 3978 ramma
874 3940 898 3978 In
910 3950 982 3989 mara.
1035 3938 1059 3990 b)
1072 3935 1142 3978 secde
1154 3949 1172 3982 c.
1225 3937 1248 3990 c)
1260 3940 1306 3989 lm
1318 3939 1391 3989 princ.

216 4001 293 4040 congr
313 3991 379 4034 ΠκΕ,
420 3989 445 4042 d)
458 3989 480 4034 d.
493 3994 669 4042 superscriptum.
710 3995 731 4040 e)
745 3992 831 4043 pheon
845 4005 875 4042 c„¹
888 3993 934 4042 lm
947 3993 977 4043 pl
993 3996 1017 4032 et
1030 3992 1101 4042 princ.
1115 3992 1185 4036 exult.
1205 3992 1271 4036 HAE.
1312 3993 1331 4045 I)
1343 3990 1391 4034 dux

211 4049 266 4094 poa
279 4042 410 4085 Gctefrldus
422 4046 600 4094 superuacua
613 4046 731 4086 Accam
744 4047 838 4089 aarum,

217 4169 245 4236 l)
262 4169 306 4233 Cf.
323 4169 425 4224 Annol.
443 4169 598 4222 [cadim
615 4170 679 4236 (SS.
697 4170 747 4237 IV,
764 4187 794 4238 p.
806 4171 855 4235 19)
876 4177 901 4222 ct
918 4169 1071 4233 msam
1089 4169 1197 4225 Medici.
1216 4169 1235 4224 l.
1253 4169 1309 4235 III,
1333 4185 1354 4224 c.
1373 4171 1391 4224 6

217 4240 281 4306 (SS.
292 4240 370 4307 VIII,
380 4258 410 4309 p.
420 4242 477 4305 18).
538 4241 841 4308 2)Stuthoc1tmburq.
868 4242 911 4306 Os.
926 4241 1053 4293 thorcae
1060 4257 1091 4308 p.
1101 4242 1162 4296 126.
1215 4238 1281 4306 3)ss
1352 4239 1391 4292 'os

216 4313 341 4378 petentes
359 4311 420 4381 lege
436 4309 580 4365 Baioarica
596 4310 717 4366 donavit
752 4313 942 4378 1111601119.
978 4309 1119 4364 Ooncessit
1135 4310 1293 4380 petentibus
1340 4327 1392 4364 un·

216 4379 290 4448 garis
307 4379 468 4452 Hungarica
491 4381 561 4436 scita
583 4382 687 4436 servari
710 4385 740 4436 et
763 4381 1005 4436 consuctudinibus
1025 4380 1149 4436 iudicari.
1189 4382 1317 4436 sacrae
1333 4382 1352 4438 Ι,
1371 4383 1392 4436 l.

218 4452 261 4515 Cf.
281 4453 451 4521 Gs'esrbrcctt,
472 4453 746 4522 1110111111κί11.
765 4456 826 4510 661.
845 4455 906 4510 696.
925 4455 987 4510 cot.
