3270 5028
256 413 290 467 78
432 409 612 464 mutnus
630 408 884 465 ALTAHENSES
902 407 1085 466 MAIORES.
1122 411 1157 466 A.
1172 412 1249 468 1069.

255 595 350 672 scire,
375 595 457 677 quia
471 595 650 658 incautum
665 593 849 658 videbatur
871 593 937 658 sibi
957 594 1042 671 lore,
1066 597 1121 658 tot
1142 595 1243 676 regni
1265 594 1429 677 primates

254 683 411 747 inimicos
445 683 548 747 simul
578 685 792 747 adsumere⁸.
845 682 961 746 Aliam
998 686 1114 747 autem
1148 682 1430 746 inrationabilem

255 791 393 836 oausam
415 772 498 855 ipsis
521 771 642 836 diebus
666 771 758 854 cepit
780 772 903 848 moliri,
929 790 1015 853 quae
1032 770 1106 835 Deo
1129 770 1336 854 prohibente
1358 792 1431 834 non

254 861 369 944 potuit
390 860 518 944 perfici.
565 860 715 924 Inlioitis
745 878 894 942 namque
917 859 1187 924 concubinarum
1216 859 1429 942 amplexibus

254 949 441 1014 adhaerere
476 948 610 1014 solebat
643 952 679 1013 et
707 948 836 1012 idcirco
870 948 1042 1032 reginam,
1078 940 1203 1030 quaml
1236 950 1431 1012 consortem

253 1037 352 1120 regni
374 1036 534 1120 legaliter
558 1039 711 1114 duxerat,
743 1036 881 1119 penitus
905 1036 1060 1101 abicere⁰
1089 1035 1275 1119 cogitabat.
1322 1037 1430 1100 Auxit

255 1129 372 1190 autem
400 1126 492 1190 hanc
522 1126 594 1190 eius
623 1126 778 1207 iniquam
807 1124 1025 1189 voluntatem
1054 1125 1205 1208 episcopi
1232 1124 1429 1207 Mogontini

255 1213 473 1291 confortatio,
504 1214 563 1296 qui
592 1214 805 1297 promiserat,
837 1233 873 1277 se
899 1212 954 1276 illi
976 1214 1043 1277 hoc
1065 1213 1310 1297 permissurum
1333 1233 1429 1296 syno-

254 1302 325 1366 dali
349 1302 476 1366 iudicio
487 1302 508 1363 ¹.
544 1302 638 1365 Dum
653 1306 770 1366 autem
785 1303 872 1366 haec
888 1302 1037 1385 synodus
1054 1304 1264 1385 expectatur,
1287 1301 1429 1366 interim

253 1391 373 1472 regina
396 1392 489 1473 apud
504 1391 716 1454 Lorasham²
738 1390 865 1453 morari
887 1389 1036 1453 iubetur.
1074 1388 1223 1454 Grandis
1247 1393 1322 1454 erat
1344 1389 1428 1452 mul·

253 1483 369 1542 torum
392 1480 576 1545 admiratio
599 1482 644 1556 ct,
675 1479 759 1561 quid
788 1479 869 1542 inde
896 1477 1055 1541 futurum
1078 1482 1177 1556 esset,
1209 1481 1352 1561 stupens
1376 1498 1428 1542 ex·

196 1567 415 1651 oospectatio.
463 1567 551 1632 Oum
579 1587 660 1631 vero
690 1568 762 1630 dies
793 1567 913 1651 synodi
943 1567 1094 1630 venisset
1117 1569 1153 1630 et
1175 1566 1333 1650 pontifex
1356 1588 1428 1650 pro·

255 1657 379 1720 cedens
414 1657 484 1720 iam
518 1656 744 1732 consedisset,
781 1674 860 1719 ecce
893 1656 1016 1718 missus
1052 1655 1183 1719 domini
1213 1649 1531 1738 *apostoliciiasm

254 1744 379 1821 adfuit,
411 1745 470 1826 qui
495 1744 698 1808 terribiliter
721 1744 753 1807 ei
775 1745 939 1807 minando
962 1744 1150 1820 nunciavit,
1182 1743 1271 1826 quia,
1303 1744 1333 1806 si
1355 1743 1428 1827 ipse

254 1837 374 1896 auctor
403 1834 501 1897 fieret
531 1834 634 1896 huius
664 1832 813 1896 iniustae
844 1833 1086 1915 separationis,
1117 1853 1208 1916 papa
1236 1832 1314 1895 vivo
1344 1853 1428 1895 nun·

254 1941 358 2002 quam
391 1920 492 1984 illum
522 1924 715 2004 compotem
748 1920 823 1985 fore
853 1921 1036 1984 ministerii
1066 1920 1298 1984 sacerdotalis.
1352 1919 1427 1998 Quo

254 2009 374 2072 audito
397 2009 547 2092 synodus
571 2012 624 2072 est
646 2008 761 2072 soluta
784 2012 820 2072 et
842 2009 963 2091 regina
983 2009 1094 2092 regali
1116 2010 1218 2073 thoro
1240 2029 1357 2072 rursus
1379 2029 1428 2074 re·

254 2097 389 2161 stituta.
440 2092 688 2180 dTemporibus
717 2097 800 2181 ipsis
829 2098 866 2160 in
893 2097 1000 2161 Italia
1029 2098 1176 2180 contigit
1206 2097 1423 2161 huiusmodi⁰

253 2205 307 2250 res
331 2187 499 2268 quaedam
514 2185 729 2250 miserabilis.
767 2185 941 2263 Adelheit,
966 2206 1082 2250 socrus
1096 2186 1196 2268 regis,
1213 2186 1427 2250 Laudasanis

253 2275 344 2338 irata
365 2275 451 2352 fuit;
483 2278 699 2359 quapropter,
730 2278 867 2338 vastata
896 2274 1081 2358 provincia,
1113 2275 1223 2358 ipsam
1251 2274 1428 2338 civitatem

253 2362 432 2427 Laudam4
461 2383 540 2426 cum
572 2383 699 2446 magna
730 2363 956 2426 multitudine
986 2362 1137 2440 obsedit,
1173 2382 1345 2445 quamque
1375 2383 1427 2427 ex·

253 2456 444 2535 pugnatam
473 2452 553 2534 igne
582 2452 668 2516 fecit
698 2452 870 2527 succendi,
902 2454 938 2515 et
964 2452 1072 2534 portis
1100 2451 1267 2515 obstrusis
1290 2450 1427 2514 nullum

253 2541 452 2624 patiebatur
474 2541 601 2622 egredi.
648 2539 762 2621 Igitur
791 2541 1008 2617 monasteria,
1041 2538 1204 2604 ecclesiae
1235 2543 1427 2621 cunctaque

252 2628 347 2692 urbis
371 2629 507 2691 moenia
529 2629 610 2710 igne
633 2631 715 2690 sunt
739 2631 972 2704 concremata;
998 2649 1065 2710 quo
1088 2629 1249 2693 incendio
1264 2629 1425 2705 virorum,

253 2717 437 2780 mulierum
471 2736 511 2779 ac
545 2715 765 2798 parvulorum
799 2717 938 2798 periisse
972 2716 1133 2780 feruntur
1170 2715 1282 2779 multa
1318 2715 1425 2778 milia.

253 2804 368 2867 Huius
390 2807 507 2868 reatus
531 2824 635 2867 causa
656 2807 734 2888 post
757 2805 843 2868 haec
865 2805 1011 2868 Romam
1035 2806 1130 2881 adiit,
1161 2805 1221 2868 sed
1243 2823 1332 2886 papa
1355 2823 1426 2866 non

253 2892 385 2956 indicta
414 2892 608 2976 penitentia
639 2912 714 2956 eam
743 2893 856 2958 redire
887 2893 996 2956 iussit.
1043 2892 1233 2957 Fatebatur
1256 2892 1357 2968 enim,
1389 2911 1425 2956 se

252 2981 394 3058 nescire,
426 2981 455 3044 si
485 3001 552 3063 qua
581 2981 637 3044 vel
667 2981 778 3063 qualis
807 2982 845 3043 in
873 2984 928 3044 tot
959 2984 995 3045 et
1016 2981 1126 3045 tantis
1150 2979 1348 3045 criminibus
1373 2981 1426 3044 de·

252 3069 351 3134 beret
373 3070 481 3133 indici
502 3069 696 3153 penitentia
719 3069 775 3133 vel
797 3070 959 3151 subsequi
982 3069 1211 3152 indulgentia.
1258 3067 1327 3132 Sed
1346 3069 1427 3151 quia

253 3159 401 3222 eundem
423 3159 535 3222 virum
557 3159 714 3222 novimus
737 3158 832 3241 pium
855 3178 895 3221 ac
918 3158 1039 3222 mitem
1061 3157 1179 3234 fuisse,
1208 3176 1426 3240 nequaquam

253 3247 433 3323 credimus,
464 3247 529 3309 hoc
553 3266 631 3310 eum
655 3247 788 3324 dixisse,
821 3247 849 3310 si
873 3266 931 3310 cor
953 3246 1049 3310 illius
1072 3245 1299 3329 perspexisset
1323 3246 1425 3327 digne

150 3336 441 3399 cumcontritum
471 3338 507 3399 et
536 3335 758 3398 humiliatum
789 3333 929 3399 fuisset
986 3334 1064 3397 Hoc
1099 3354 1189 3397 anno
1225 3335 1295 3396 dux
1325 3331 1426 3397 Gote·

175 3444 243 3487 troo.
252 3423 364 3486 fridus
391 3422 487 3499 obiit,
519 3423 575 3485 cui
598 3422 690 3486 filius
713 3444 794 3487 suus
819 3415 972 3500 Gozilof,
1003 3423 1062 3504 qui
1086 3424 1122 3486 et
1146 3420 1357 3498 Gotefridus,
1388 3421 1428 3483 in

252 3513 447 3576 hereditate
471 3514 506 3574 et
528 3511 725 3595 principatu
745 3511 940 3576 successit⁶.
975 3511 1108 3574 Eodem
1123 3530 1214 3573 anno
1228 3509 1426 3572 Hartwious

252 3599 458 3663 Veronensis
482 3600 660 3683 episcopus
683 3601 837 3676 moritur,
862 3621 923 3683 pro
947 3619 1015 3683 quo
1037 3598 1250 3662 Huswardus
1274 3597 1426 3680 eligitur.

251 3841 275 3893 a)
288 3839 429 3881 adsummere
443 3853 460 3883 c.
513 3841 537 3893 b)
550 3853 571 3892 q.
585 3843 610 3880 in
622 3843 721 3890 maraine
734 3842 814 3880 codicis
827 3841 933 3891 additum,
947 3841 1010 3890 uano
1025 3841 1149 3880 ombrionis
1163 3841 1298 3878 incomesta
1312 3839 1427 3878 outonem

248 3895 329 3944 posito.
397 3897 418 3941 c)
433 3895 531 3934 abiicere
545 3906 562 3937 c.
630 3892 654 3945 d)
672 3895 750 3934 abhinc
767 3904 832 3944 usquc
849 3895 879 3933 aa
896 3895 960 3942 tinem
978 3895 1052 3933 omnia
1069 3895 1177 3933 librarius
1189 3893 1290 3932 Aventini
1307 3892 1428 3940 assmpsit.

253 3950 274 3994 e)
288 3958 331 3986 vox
344 3951 448 3995 compta
462 3949 552 3990 vldaur.
578 3949 683 3986 Forsitan
696 3949 831 3987 amomum
845 3949 885 3987 sit:
899 3948 942 3986 hoc
956 3945 1028 3990 modo.
1081 3946 1187 3995 oGozili
1200 3957 1218 3988 ο.

254 4160 280 4228 1)
297 4160 400 4212 Eadem
416 4161 472 4224 fere
483 4159 642 4212 Lambcrtus
656 4162 748 4224 refert.
819 4158 847 4225 2)
864 4158 975 4214 Lorscb.
1046 4157 1074 4224 3)
1090 4159 1163 4210 Erat
1177 4159 1275 4209 Petrus
1286 4156 1426 4211 Damsbni.
1451 4158 1453 4162 '

252 4232 281 4298 4)
297 4231 374 4283 Ludi.
447 4229 474 4297 5)
491 4231 531 4281 De
548 4230 592 4282 bis
609 4231 687 4282 rebus
704 4232 734 4282 ia
751 4231 817 4282 aliis
835 4230 958 4281 historiis
974 4228 1048 4280 nihil
1064 4231 1161 4283 inveni.
1191 4229 1234 4293 Of.
1254 4226 1425 4294 Gicsobrecht,

253 4300 425 4428 :fpssspgaeit'
442 4300 498 4367 III,
514 4303 710 4368 p.191.1123.
782 4301 809 4367 6)
827 4301 869 4365 Cf.
883 4300 1059 4352 Bertbotium
1077 4316 1103 4354 a.
1117 4301 1195 4356 1069.
1213 4305 1238 4350 ct
1255 4298 1428 4351 Lumbcrtum
