3270 5028
234 452 269 507 62
410 448 592 505 ANNALES
611 447 864 504 ALTAHENSES
882 448 1065 506 MAIORES.
1099 451 1136 508 A.
1150 455 1229 509 1063.

162 632 337 700 1111110111
353 632 584 709 ecclesiarum,
609 632 724 714 sicque
740 651 781 696 eo
797 633 1014 716 praesidente
1030 635 1065 696 et
1081 634 1287 699 consiliante
1303 637 1409 700 homi·

234 721 326 787 cidia
360 724 395 785 et
429 720 681 786 111011111101111111ι
719 720 1000 785 obtruncationes
1039 721 1088 784 ibi
1126 722 1258 788 multae
1291 723 1409 790 forent

233 810 359 874 factae.
404 810 502 874 Haec
525 810 633 892 igitur
656 809 729 873 eius
753 809 897 873 crimina
915 829 993 873 curn
1009 811 1142 874 cunctis
1166 817 1281 876 essent
1303 814 1410 877 mani·

233 899 334 975 festa,
359 902 395 963 et
418 900 464 963 ad
479 899 678 980 negandum
700 897 756 962 vel
779 896 1063 962 satisfaciendum
1085 920 1147 982 pro
1170 900 1225 964 his
1248 921 1312 966 nec
1336 903 1409 986 ipse

234 988 368 1052 veniret
396 1007 460 1052 nec
490 1005 697 1070 quemquam
722 986 984 1063 transmitteret,
1008 981 1208 1052 .iudicatus¹'
1237 989 1280 1053 ab
1303 990 1409 1054 omni-

235 1077 309 1152 bus,
341 1075 573 1140 anathematis
596 1074 710 1138 iaculo
734 1078 786 1138 est
809 1094 1000 1158 percussus.
1047 1075 1115 1139 Ille
1137 1096 1228 1154 vero,
1258 1082 1299 1140 ut
1322 1079 1408 1142 haec

235 1165 378 1240 audivit,
409 1165 584 1247 episcopos
614 1166 650 1227 et
680 1163 830 1240 clericos,
862 1183 946 1246 quos
976 1164 1100 1247 potuit,
1134 1167 1226 1248 apud
1249 1165 1409 1230 Parmam

236 1251 398 1335 collegit¹
421 1256 457 1316 et
478 1252 592 1336 ipsum
615 1252 851 1316 Alexandrum
880 1251 1038 1316 similiter
1061 1253 1249 1331 damnavit,
1279 1254 1406 1332 dicens,

235 1361 271 1406 se
286 1344 459 1426 pastorem
475 1341 638 1404 dominici
661 1340 774 1423 gregis
797 1341 873 1404 iure
895 1340 1104 1418 habendum,
1128 1345 1253 1425 utpute
1276 1362 1298 1406 a
1315 1362 1407 1425 rege,

233 1430 409 1494 Romanoe
438 1428 570 1493 scilicet
599 1429 756 1512 patritie,
788 1428 938 1493 electum
967 1432 1002 1493 et
1033 1431 1277 1507 constitutum,
1308 1430 1409 1493 illum

234 1537 315 1582 vero
345 1517 389 1582 ab
420 1518 579 1582 omnibus
608 1516 684 1582 iore
714 1518 957 1581 detestandum
986 1521 1022 1582 et
1051 1519 1318 1601 insequendum,
1350 1520 1409 1602 qui

235 1627 306 1671 non
335 1627 356 1670 a
385 1606 621 1671 sacerdotibus
650 1606 707 1671 vel
736 1626 757 1671 a
782 1605 937 1670 Romano
967 1606 1095 1692 populo
1126 1607 1289 1672 canonice
1320 1611 1409 1671 esset

236 1696 377 1772 electus,
402 1697 463 1759 sed
479 1716 499 1759 a
514 1694 757 1771 Nordmannis,
781 1694 929 1758 Romani
950 1695 1086 1779 imperii
1106 1696 1264 1771 inimicis,
1288 1695 1410 1779 lupina

235 1784 360 1848 fraude
383 1788 419 1848 et
440 1783 564 1846 furtim
587 1786 623 1847 et
645 1782 790 1847 subdole
804 1783 922 1847 fuerat
936 1784 1165 1848 introductus.
1208 1782 1286 1848 Hoc
1301 1785 1410 1867 igitur

235 1873 338 1936 modo
361 1891 397 1936 se
420 1872 568 1936 invicem
590 1872 649 1935 isti
671 1872 839 1936 invidiose
855 1873 1051 1937 mordentes
1067 1872 1278 1937 accusabant
1301 1876 1336 1936 et
1355 1873 1409 1936 de-

235 1959 437 2024 tendebant.

342 2048 417 2112 Rex
440 2051 557 2112 autem
578 2049 745 2132 regnique
768 2049 940 2133 principes
962 2048 1064 2112 nimis
1088 2049 1182 2113 anxii
1197 2052 1306 2127 erant,
1330 2070 1409 2132 quo

236 2137 331 2200 niam
361 2157 455 2200 soror
483 2137 575 2219 regis
603 2157 682 2200 curn
703 2138 777 2202 1110
801 2157 862 2201 suo
885 2138 954 2200 iam
983 2137 1118 2221 pridem
1147 2138 1280 2222 expulsi
1311 2143 1409 2202 erant

239 2227 281 2290 de
300 2245 407 2308 regno
424 2247 494 2301 suo,
520 2229 556 2290 et
571 2226 720 2289 necdum
736 2229 856 2290 contra
871 2227 956 2290 haec
972 2227 1157 2308 quicquam
1172 2230 1247 2290 erat
1262 2230 1407 2309 gestum,

237 2315 330 2397 quod
352 2315 446 2397 regio
470 2315 593 2378 honori
617 2315 801 2378 duceretur
823 2316 976 2397 dignum.
1016 2313 1233 2399 Quapropter
1248 2314 1409 2397 generale

170 2424 228 2474 Aug.
238 2403 448 2486 colloquium
482 2404 575 2486 apud
606 2403 824 2485 Maguntiam
858 2403 995 2479 habuit,
1031 2423 1180 2485 ususque
1214 2403 1409 2487 sapientum

237 2492 390 2567 consilio,
414 2492 481 2554 hac
504 2493 626 2555 eadem
649 2493 781 2554 aestate
804 2492 992 2555 exercitum
1015 2491 1052 2553 in
1070 2491 1260 2574 Ungariam
1284 2493 1409 2556 ducere

237 2580 416 2664 disposuit.
463 2579 587 2661 Sicque
604 2579 736 2642 dimissi
750 2579 898 2642 redeunt
922 2580 966 2642 ad
982 2600 1054 2656 sua,
1079 2583 1114 2644 et
1137 2580 1300 2663 quoniam
1322 2581 1408 2644 haec

236 2668 358 2731 futura
387 2670 462 2730 erat
490 2666 650 2730 iuvenilis
679 2668 769 2749 regis
800 2668 972 2750 expeditio
1002 2669 1128 2752 prima,
1163 2669 1406 2750 unusquisque,

236 2758 340 2839 prout
369 2756 492 2838 potuit,
524 2775 560 2819 se
590 2756 635 2817 ad
664 2756 754 2818 hanc
785 2775 999 2840 summopere
1029 2777 1232 2841 praeparare
1262 2756 1406 2818 studuit.

237 2843 302 2907 Bel
325 2846 451 2916 autem,
476 2845 535 2926 qui
551 2843 769 2907 Salomonem
792 2845 835 2907 de
857 2863 964 2926 regno
988 2845 1168 2928 expulerat
1183 2863 1323 2926 seseque
1339 2843 1409 2906 ianr

236 2931 346 3014 regali
368 2933 532 2996 unctione
557 2933 748 2996 consecrari
769 2933 911 3008 fecerat,
943 2953 1022 2996 curn
1050 2934 1202 2998 audisset
1225 2932 1409 3016 expeditio

236 3040 317 3084 nem
339 3021 429 3083 hanc
452 3020 517 3084 tali
541 3023 709 3104 apparatu
729 3021 899 3097 adornari,
923 3021 1068 3084 nimium
1092 3022 1184 3105 cepit
1207 3021 1408 3102 angustiari.

238 3108 348 3192 Saepe
371 3109 500 3172 etenim
528 3112 632 3172 antea
659 3109 752 3173 inter
780 3111 951 3172 nostrates
976 3113 1011 3174 et
1034 3109 1170 3192 Ungros
1196 3108 1288 3173 bella
1311 3112 1410 3191 gesta

238 3200 346 3275 erant,
370 3197 515 3279 ideoque
538 3197 639 3261 illum
661 3217 732 3260 non
754 3196 888 3261 latebat
910 3201 1106 3261 nostrorum
1128 3196 1184 3261 vel
1206 3199 1243 3260 in
1267 3196 1408 3261 consilio

237 3285 409 3370 sapientia
430 3285 486 3348 101
509 3286 547 3349 in
569 3285 661 3349 bello
685 3286 838 3361 audacia,
863 3289 899 3350 et
922 3286 1049 3350 idcirco
1067 3287 1169 3350 nimis
1186 3286 1278 3368 cepit
1301 3285 1409 3367 inqui-

237 3395 322 3452 rere,
352 3372 503 3456 qualiter
533 3373 785 3456 expeditionem
815 3375 905 3437 hanc
928 3378 1044 3457 posset
1066 3375 1277 3459 praepedire.
1324 3374 1409 3437 Tan·

238 3465 316 3528 dem
338 3463 446 3545 igitur
461 3462 655 3544 excogitato
672 3462 813 3526 consilio
829 3461 961 3545 legatos
977 3463 1100 3540 mittit;
1125 3464 1235 3547 primo
1255 3463 1409 3526 omnium

238 3571 398 3615 excusare
422 3570 457 3614 se
478 3551 587 3626 iussit,
611 3551 775 3632 quoniam
789 3551 861 3634 ipse
876 3571 994 3633 regem
1009 3551 1227 3615 Salomonem
1244 3552 1286 3614 de
1301 3570 1408 3633 regno

237 3659 308 3702 non
331 3638 511 3721 expulerit,
537 3640 597 3702 sed
620 3638 782 3703 0111111110
806 3660 868 3703 sua
891 3644 1013 3723 sponte
1036 3640 1246 3724 profugeret,
1269 3640 1408 3703 nemine

174 3749 229 3792 sss.
237 3727 450 3809 insequente,
481 3731 566 3791 tunc
590 3727 655 3790 sibi
678 3748 699 3790 a
721 3728 960 3793 tumultuante
983 3729 1094 3793 milite
1117 3728 1318 3812 impositum
1340 3728 1409 3790 dia·

239 3817 339 3880 dema
365 3837 437 3879 non
463 3815 600 3880 licuisse
621 3837 789 3880 recusare.
837 3815 1053 3901 Quapropter
1077 3817 1105 3881 si
1127 3836 1188 3880 rex
1209 3815 1317 3880 vellet
1339 3815 1409 3878 iam

237 3905 275 3966 in
311 3923 458 3985 regnum
494 3905 621 3981 redire,
660 3905 733 3988 ipse
771 3904 871 3967 illum
906 3906 1076 3989 condigno
1110 3907 1256 3981 honore,
1296 3923 1409 3986 quem·

238 3992 424 4055 admodum
452 4013 569 4076 regem
599 3993 776 4056 dominum
803 4014 917 4070 suum,
948 3997 1089 4077 paratus
1119 3996 1209 4058 esset
1238 3993 1408 4075 suscipere

238 4081 337 4163 eique
367 4082 502 4159 0011110,
534 4102 575 4146 ea
602 4085 721 4146 tamen
751 4082 842 4164 lege,
873 4083 903 4144 si
932 4101 968 4146 se
997 4083 1214 4166 permitteret
1244 4082 1409 4144 ducatum

237 4269 260 4323 a)
273 4271 415 4311 menbrorum
429 4282 447 4315 c.
499 4271 523 4320 1))
537 4269 642 4312 iudloatls
657 4283 674 4314 0.
729 4273 749 4319 0)
763 4271 790 4314 R.
803 4271 827 4310 in
840 4271 886 4315 cod.
900 4272 1076 4320 superscriptum.

237 4411 264 4479 1)
286 4412 351 4464 Vide
367 4413 513 4466 Beaaoncm
531 4413 571 4479 11,
590 4429 611 4468 c.
625 4414 667 4468 14.
