<?xml version="1.0" encoding="UTF-8"?>
<!DOCTYPE html PUBLIC "-//W3C//DTD XHTML 1.0 Transitional//EN"
    "http://www.w3.org/TR/xhtml1/DTD/xhtml1-transitional.dtd">
<html xmlns="http://www.w3.org/1999/xhtml" xml:lang="en" lang="en">
 <head>
  <title>
</title>
<meta http-equiv="Content-Type" content="text/html;charset=utf-8" />
  <meta name='ocr-system' content='tesseract 3.04.00' />
  <meta name='ocr-capabilities' content='ocr_page ocr_carea ocr_par ocr_line ocrx_word'/>
</head>
<body>
  <div class='ocr_page' id='page_1' title='image "./annalesaltahens00oefegoog_0077.png"; bbox 0 0 3270 5028; ppageno 0'>
   <div class='ocr_carea' id='block_1_1' title="bbox 386 503 1382 564">
    <p class='ocr_par' dir='ltr' id='par_1_1' title="bbox 386 503 1382 564">
     <span class='ocr_line' id='line_1_1' title="bbox 386 503 1382 564; baseline 0.008 -7"><span class='ocrx_word' id='word_1_1' title='bbox 386 503 566 559; x_wconf 67' lang='lat' dir='ltr'><strong>manns</strong></span> <span class='ocrx_word' id='word_1_2' title='bbox 584 503 839 559; x_wconf 79' lang='lat' dir='ltr'><strong>ALTAHENSES</strong></span> <span class='ocrx_word' id='word_1_3' title='bbox 857 504 1039 563; x_wconf 73' lang='grc'><strong>1151015118.</strong></span> <span class='ocrx_word' id='word_1_4' title='bbox 1075 507 1111 562; x_wconf 81' lang='grc' dir='ltr'><strong>Α.</strong></span> <span class='ocrx_word' id='word_1_5' title='bbox 1125 508 1204 564; x_wconf 91' lang='grc'><strong>1055.</strong></span> <span class='ocrx_word' id='word_1_6' title='bbox 1347 509 1382 564; x_wconf 91' lang='grc'><strong>51</strong></span> 
     </span>
    </p>
   </div>
   <div class='ocr_carea' id='block_1_2' title="bbox 207 684 1546 3769">
    <p class='ocr_par' dir='ltr' id='par_1_2' title="bbox 209 684 1382 770">
     <span class='ocr_line' id='line_1_2' title="bbox 209 684 1382 770; baseline 0.003 -20"><span class='ocrx_word' id='word_1_7' title='bbox 209 689 414 750; x_wconf 84' lang='grc'><strong>5555555555</strong></span> <span class='ocrx_word' id='word_1_8' title='bbox 438 684 648 769; x_wconf 90' lang='lat' dir='ltr'><strong>apostolicae</strong></span> <span class='ocrx_word' id='word_1_9' title='bbox 663 686 737 750; x_wconf 92' lang='lat' dir='ltr'><strong>sedi</strong></span> <span class='ocrx_word' id='word_1_10' title='bbox 752 686 929 770; x_wconf 86' lang='lat' dir='ltr'><strong>praefecit,</strong></span> <span class='ocrx_word' id='word_1_11' title='bbox 955 706 1057 769; x_wconf 88' lang='lat' dir='ltr'><strong>quem</strong></span> <span class='ocrx_word' id='word_1_12' title='bbox 1081 691 1116 752; x_wconf 90' lang='lat' dir='ltr'><strong>et</strong></span> <span class='ocrx_word' id='word_1_13' title='bbox 1138 709 1218 752; x_wconf 86' lang='lat' dir='ltr'><strong>mox</strong></span> <span class='ocrx_word' id='word_1_14' title='bbox 1241 691 1323 754; x_wconf 91' lang='grc'><strong>5555</strong></span> <span class='ocrx_word' id='word_1_15' title='bbox 1346 709 1382 754; x_wconf 89' lang='grc'><strong>55</strong></span> 
     </span>
    </p>

    <p class='ocr_par' dir='ltr' id='par_1_3' title="bbox 207 773 1487 1388">
     <span class='ocr_line' id='line_1_3' title="bbox 209 773 1383 858; baseline 0.003 -22"><span class='ocrx_word' id='word_1_16' title='bbox 209 775 246 837; x_wconf 92' lang='grc'><strong>15</strong></span> <span class='ocrx_word' id='word_1_17' title='bbox 261 773 404 838; x_wconf 89' lang='lat' dir='ltr'><strong>Italiam</strong></span> <span class='ocrx_word' id='word_1_18' title='bbox 425 773 617 838; x_wconf 85' lang='lat' dir='ltr'><strong>transmisit</strong></span> <span class='ocrx_word' id='word_1_19' title='bbox 627 773 648 835; x_wconf 80' lang='lat'><strong>¹.</strong></span> <span class='ocrx_word' id='word_1_20' title='bbox 684 774 903 858; x_wconf 83' lang='lat' dir='ltr'><strong>Zpitigneum</strong></span> <span class='ocrx_word' id='word_1_21' title='bbox 926 776 1066 853; x_wconf 77' lang='lat' dir='ltr'><strong>etiam⁸,</strong></span> <span class='ocrx_word' id='word_1_22' title='bbox 1089 777 1253 840; x_wconf 90' lang='lat' dir='ltr'><strong>maiorem</strong></span> <span class='ocrx_word' id='word_1_23' title='bbox 1272 777 1383 840; x_wconf 91' lang='lat' dir='ltr'><strong>filium</strong></span> 
     </span>
     <span class='ocr_line' id='line_1_4' title="bbox 209 861 1382 949; baseline 0.003 -24"><span class='ocrx_word' id='word_1_24' title='bbox 209 862 362 926; x_wconf 89' lang='lat' dir='ltr'><strong>Boemici</strong></span> <span class='ocrx_word' id='word_1_25' title='bbox 384 863 491 938; x_wconf 91' lang='lat' dir='ltr'><strong>ducis,</strong></span> <span class='ocrx_word' id='word_1_26' title='bbox 520 863 557 925; x_wconf 95' lang='lat' dir='ltr'><strong>in</strong></span> <span class='ocrx_word' id='word_1_27' title='bbox 580 861 695 925; x_wconf 92' lang='lat' dir='ltr'><strong>locum</strong></span> <span class='ocrx_word' id='word_1_28' title='bbox 718 863 898 926; x_wconf 88' lang='lat' dir='ltr'><strong>substituit</strong></span> <span class='ocrx_word' id='word_1_29' title='bbox 920 864 1039 947; x_wconf 89' lang='lat' dir='ltr'><strong>patris,</strong></span> <span class='ocrx_word' id='word_1_30' title='bbox 1068 865 1184 947; x_wconf 90' lang='lat' dir='ltr'><strong>sicque</strong></span> <span class='ocrx_word' id='word_1_31' title='bbox 1207 865 1382 949; x_wconf 86' lang='lat' dir='ltr'><strong>dispositis</strong></span> 
     </span>
     <span class='ocr_line' id='line_1_5' title="bbox 209 945 1382 1033; baseline 0.003 -20"><span class='ocrx_word' id='word_1_32' title='bbox 209 951 297 1026; x_wconf 90' lang='lat' dir='ltr'><strong>aliis,</strong></span> <span class='ocrx_word' id='word_1_33' title='bbox 328 970 416 1033; x_wconf 90' lang='lat' dir='ltr'><strong>quae</strong></span> <span class='ocrx_word' id='word_1_34' title='bbox 444 950 566 1026; x_wconf 91' lang='grc'><strong>551515,</strong></span> <span class='ocrx_word' id='word_1_35' title='bbox 596 951 635 1013; x_wconf 90' lang='grc'><strong>15</strong></span> <span class='ocrx_word' id='word_1_36' title='bbox 663 950 805 1014; x_wconf 88' lang='lat' dir='ltr'><strong>Italiam</strong></span> <span class='ocrx_word' id='word_1_37' title='bbox 833 945 1030 1015; x_wconf 69' lang='lat' dir='ltr'><strong>transivitb.</strong></span> <span class='ocrx_word' id='word_1_38' title='bbox 1081 952 1382 1017; x_wconf 79' lang='lat' dir='ltr'>Resurrectionem</span> 
     </span>
     <span class='ocr_line' id='line_1_6' title="bbox 208 1038 1487 1123; baseline 0.002 -20"><span class='ocrx_word' id='word_1_39' title='bbox 208 1059 289 1122; x_wconf 84' lang='lat' dir='ltr'><strong>ergo</strong></span> <span class='ocrx_word' id='word_1_40' title='bbox 319 1038 460 1103; x_wconf 87' lang='lat' dir='ltr'><strong>Domini</strong></span> <span class='ocrx_word' id='word_1_41' title='bbox 498 1039 590 1123; x_wconf 90' lang='lat' dir='ltr'><strong>apud</strong></span> <span class='ocrx_word' id='word_1_42' title='bbox 619 1039 802 1102; x_wconf 86' lang='lat' dir='ltr'><strong>Mantuam</strong></span> <span class='ocrx_word' id='word_1_43' title='bbox 838 1039 1066 1104; x_wconf 80' lang='lat' dir='ltr'><strong>sabbatizavit</strong></span> <span class='ocrx_word' id='word_1_44' title='bbox 1075 1041 1098 1102; x_wconf 71' lang='lat'><strong>2.</strong></span> <span class='ocrx_word' id='word_1_45' title='bbox 1143 1041 1487 1114; x_wconf 68' lang='lat' dir='ltr'><strong>Eklrihardumnprns.</strong></span> 
     </span>
     <span class='ocr_line' id='line_1_7' title="bbox 207 1126 1468 1195; baseline 0.005 -6"><span class='ocrx_word' id='word_1_46' title='bbox 207 1127 245 1190; x_wconf 94' lang='lat' dir='ltr'><strong>in</strong></span> <span class='ocrx_word' id='word_1_47' title='bbox 268 1128 385 1193; x_wconf 86' lang='lat' dir='ltr'><strong>sedem</strong></span> <span class='ocrx_word' id='word_1_48' title='bbox 408 1126 599 1192; x_wconf 87' lang='lat' dir='ltr'><strong>Brexionae</strong></span> <span class='ocrx_word' id='word_1_49' title='bbox 621 1127 717 1190; x_wconf 90' lang='lat' dir='ltr'><strong>urbis</strong></span> <span class='ocrx_word' id='word_1_50' title='bbox 741 1128 954 1192; x_wconf 75' lang='grc'><strong>55555155153.</strong></span> <span class='ocrx_word' id='word_1_51' title='bbox 994 1127 1200 1193; x_wconf 82' lang='lat' dir='ltr'><strong>Generalem</strong></span> <span class='ocrx_word' id='word_1_52' title='bbox 1223 1129 1382 1193; x_wconf 92' lang='lat' dir='ltr'><strong>sinodum</strong></span> <span class='ocrx_word' id='word_1_53' title='bbox 1391 1151 1468 1195; x_wconf 70' lang='lat' dir='ltr'><strong>nna</strong></span> 
     </span>
     <span class='ocr_line' id='line_1_8' title="bbox 208 1215 1383 1301; baseline 0.002 -22"><span class='ocrx_word' id='word_1_54' title='bbox 208 1236 298 1300; x_wconf 89' lang='lat' dir='ltr'><strong>papa</strong></span> <span class='ocrx_word' id='word_1_55' title='bbox 328 1215 394 1282; x_wconf 91' lang='lat' dir='ltr'><strong>sibi</strong></span> <span class='ocrx_word' id='word_1_56' title='bbox 423 1219 626 1280; x_wconf 87' lang='grc'><strong>5555555555</strong></span> <span class='ocrx_word' id='word_1_57' title='bbox 655 1215 810 1292; x_wconf 70' lang='grc'><strong>11555154,</strong></span> <span class='ocrx_word' id='word_1_58' title='bbox 844 1216 907 1279; x_wconf 86' lang='grc'><strong>551</strong></span> <span class='ocrx_word' id='word_1_59' title='bbox 937 1216 1148 1300; x_wconf 77' lang='lat' dir='ltr'><strong>complures⁰</strong></span> <span class='ocrx_word' id='word_1_60' title='bbox 1181 1218 1383 1301; x_wconf 88' lang='lat' dir='ltr'><strong>episcopatu</strong></span> 
     </span>
     <span class='ocr_line' id='line_1_9' title="bbox 209 1303 1381 1388; baseline 0.003 -21"><span class='ocrx_word' id='word_1_61' title='bbox 209 1305 335 1388; x_wconf 87' lang='lat' dir='ltr'>deponi</span> <span class='ocrx_word' id='word_1_62' title='bbox 357 1303 443 1368; x_wconf 83' lang='lat' dir='ltr'><strong>fecit</strong></span> <span class='ocrx_word' id='word_1_63' title='bbox 453 1303 475 1365; x_wconf 86' lang='lat'><strong>⁵.</strong></span> <span class='ocrx_word' id='word_1_64' title='bbox 522 1303 697 1382; x_wconf 82' lang='lat' dir='ltr'><strong>Quosdam</strong></span> <span class='ocrx_word' id='word_1_65' title='bbox 720 1305 762 1368; x_wconf 91' lang='lat' dir='ltr'><strong>de</strong></span> <span class='ocrx_word' id='word_1_66' title='bbox 784 1303 954 1368; x_wconf 74' lang='lat' dir='ltr'><strong>militibus</strong></span> <span class='ocrx_word' id='word_1_67' title='bbox 970 1304 1143 1369; x_wconf 79' lang='lat' dir='ltr'><strong>Bonifacii</strong></span> <span class='ocrx_word' id='word_1_68' title='bbox 1160 1305 1381 1383; x_wconf 89' lang='lat' dir='ltr'><strong>rebellantes,</strong></span> 
     </span>
    </p>

    <p class='ocr_par' dir='ltr' id='par_1_4' title="bbox 207 1391 1489 2710">
     <span class='ocr_line' id='line_1_10' title="bbox 208 1391 1383 1478; baseline 0.003 -24"><span class='ocrx_word' id='word_1_69' title='bbox 208 1392 281 1456; x_wconf 93' lang='lat' dir='ltr'><strong>filio</strong></span> <span class='ocrx_word' id='word_1_70' title='bbox 304 1393 410 1457; x_wconf 87' lang='lat' dir='ltr'><strong>etiam</strong></span> <span class='ocrx_word' id='word_1_71' title='bbox 434 1393 507 1456; x_wconf 93' lang='lat' dir='ltr'><strong>eius</strong></span> <span class='ocrx_word' id='word_1_72' title='bbox 531 1391 707 1468; x_wconf 80' lang='lat' dir='ltr'><strong>defuncto,</strong></span> <span class='ocrx_word' id='word_1_73' title='bbox 731 1392 836 1456; x_wconf 86' lang='lat' dir='ltr'><strong>facile</strong></span> <span class='ocrx_word' id='word_1_74' title='bbox 856 1394 1035 1476; x_wconf 89' lang='lat' dir='ltr'><strong>oppressit,</strong></span> <span class='ocrx_word' id='word_1_75' title='bbox 1059 1394 1236 1478; x_wconf 78' lang='lat' dir='ltr'><strong>ipsamque</strong></span> <span class='ocrx_word' id='word_1_76' title='bbox 1252 1393 1383 1458; x_wconf 89' lang='lat' dir='ltr'><strong>Beatri·</strong></span> 
     </span>
     <span class='ocr_line' id='line_1_11' title="bbox 210 1479 1382 1565; baseline 0.002 -21"><span class='ocrx_word' id='word_1_77' title='bbox 210 1500 284 1544; x_wconf 90' lang='lat' dir='ltr'><strong>cem</strong></span> <span class='ocrx_word' id='word_1_78' title='bbox 307 1481 344 1542; x_wconf 92' lang='lat' dir='ltr'><strong>in</strong></span> <span class='ocrx_word' id='word_1_79' title='bbox 368 1481 532 1544; x_wconf 87' lang='lat' dir='ltr'><strong>custodiis</strong></span> <span class='ocrx_word' id='word_1_80' title='bbox 548 1480 676 1544; x_wconf 86' lang='lat' dir='ltr'><strong>servari</strong></span> <span class='ocrx_word' id='word_1_81' title='bbox 691 1481 868 1564; x_wconf 89' lang='lat' dir='ltr'><strong>praecepit</strong></span> <span class='ocrx_word' id='word_1_82' title='bbox 876 1481 898 1542; x_wconf 82' lang='lat'><strong>⁶.</strong></span> <span class='ocrx_word' id='word_1_83' title='bbox 938 1479 1014 1558; x_wconf 81' lang='lat' dir='ltr'><strong>Quo</strong></span> <span class='ocrx_word' id='word_1_84' title='bbox 1029 1484 1185 1565; x_wconf 90' lang='lat' dir='ltr'><strong>tempore</strong></span> <span class='ocrx_word' id='word_1_85' title='bbox 1199 1481 1382 1546; x_wconf 85' lang='lat' dir='ltr'><strong>Richerius</strong></span> 
     </span>
     <span class='ocr_line' id='line_1_12' title="bbox 209 1567 1381 1652; baseline 0.001 -20"><span class='ocrx_word' id='word_1_86' title='bbox 209 1568 316 1632; x_wconf 90' lang='lat' dir='ltr'><strong>abbas</strong></span> <span class='ocrx_word' id='word_1_87' title='bbox 347 1567 575 1645; x_wconf 80' lang='lat' dir='ltr'><strong>Oassinensis,</strong></span> <span class='ocrx_word' id='word_1_88' title='bbox 612 1569 671 1650; x_wconf 93' lang='lat' dir='ltr'><strong>qui</strong></span> <span class='ocrx_word' id='word_1_89' title='bbox 705 1572 741 1632; x_wconf 90' lang='grc'><strong>55</strong></span> <span class='ocrx_word' id='word_1_90' title='bbox 769 1568 984 1633; x_wconf 90' lang='lat' dir='ltr'><strong>Leonensem</strong></span> <span class='ocrx_word' id='word_1_91' title='bbox 1018 1569 1195 1633; x_wconf 77' lang='lat' dir='ltr'><strong>abbatiam</strong></span> <span class='ocrx_word' id='word_1_92' title='bbox 1227 1569 1381 1652; x_wconf 84' lang='lat' dir='ltr'><strong>regebat,</strong></span> 
     </span>
     <span class='ocr_line' id='line_1_13' title="bbox 208 1657 1383 1740; baseline 0.001 -21"><span class='ocrx_word' id='word_1_93' title='bbox 208 1677 328 1733; x_wconf 91' lang='lat' dir='ltr'><strong>unam,</strong></span> <span class='ocrx_word' id='word_1_94' title='bbox 359 1657 395 1720; x_wconf 94' lang='lat' dir='ltr'><strong>id</strong></span> <span class='ocrx_word' id='word_1_95' title='bbox 426 1659 479 1721; x_wconf 85' lang='lat' dir='ltr'><strong>est</strong></span> <span class='ocrx_word' id='word_1_96' title='bbox 508 1657 738 1733; x_wconf 86' lang='lat' dir='ltr'><strong>Leonensem,</strong></span> <span class='ocrx_word' id='word_1_97' title='bbox 769 1661 891 1740; x_wconf 92' lang='lat' dir='ltr'><strong>sponte</strong></span> <span class='ocrx_word' id='word_1_98' title='bbox 920 1657 1067 1734; x_wconf 77' lang='lat' dir='ltr'><strong>remisit,</strong></span> <span class='ocrx_word' id='word_1_99' title='bbox 1098 1677 1203 1739; x_wconf 91' lang='lat' dir='ltr'><strong>quam</strong></span> <span class='ocrx_word' id='word_1_100' title='bbox 1232 1678 1311 1720; x_wconf 83' lang='lat' dir='ltr'><strong>mox</strong></span> <span class='ocrx_word' id='word_1_101' title='bbox 1341 1678 1383 1722; x_wconf 84' lang='lat' dir='ltr'><strong>ex</strong></span> 
     </span>
     <span class='ocr_line' id='line_1_14' title="bbox 209 1744 1383 1829; baseline 0 -21"><span class='ocrx_word' id='word_1_102' title='bbox 209 1745 378 1828; x_wconf 91' lang='lat' dir='ltr'><strong>petitione</strong></span> <span class='ocrx_word' id='word_1_103' title='bbox 401 1745 508 1829; x_wconf 92' lang='lat' dir='ltr'><strong>ipsius</strong></span> <span class='ocrx_word' id='word_1_104' title='bbox 522 1744 677 1809; x_wconf 85' lang='lat' dir='ltr'><strong>Richerii</strong></span> <span class='ocrx_word' id='word_1_105' title='bbox 692 1747 785 1828; x_wconf 92' lang='lat' dir='ltr'><strong>apud</strong></span> <span class='ocrx_word' id='word_1_106' title='bbox 801 1745 1014 1810; x_wconf 78' lang='lat' dir='ltr'><strong>Florentiam</strong></span> <span class='ocrx_word' id='word_1_107' title='bbox 1027 1745 1175 1810; x_wconf 87' lang='lat' dir='ltr'><strong>tradidit</strong></span> <span class='ocrx_word' id='word_1_108' title='bbox 1196 1746 1383 1828; x_wconf 88' lang='lat' dir='ltr'><strong>imperator</strong></span> 
     </span>
     <span class='ocr_line' id='line_1_15' title="bbox 208 1828 1453 1910; baseline 0.002 -14"><span class='ocrx_word' id='word_1_109' title='bbox 208 1833 374 1897; x_wconf 81' lang='lat' dir='ltr'><strong>Wenzlao</strong></span> <span class='ocrx_word' id='word_1_110' title='bbox 403 1835 573 1897; x_wconf 90' lang='lat' dir='ltr'><strong>monacho</strong></span> <span class='ocrx_word' id='word_1_111' title='bbox 596 1833 791 1910; x_wconf 83' lang='lat' dir='ltr'><strong>Altahensi,</strong></span> <span class='ocrx_word' id='word_1_112' title='bbox 821 1835 895 1898; x_wconf 86' lang='lat' dir='ltr'><strong>viro</strong></span> <span class='ocrx_word' id='word_1_113' title='bbox 925 1828 1133 1898; x_wconf 80' lang='lat' dir='ltr'><strong>admodum‘1</strong></span> <span class='ocrx_word' id='word_1_114' title='bbox 1163 1835 1319 1899; x_wconf 88' lang='lat' dir='ltr'><strong>modesto</strong></span> <span class='ocrx_word' id='word_1_115' title='bbox 1346 1837 1453 1899; x_wconf 76' lang='grc'><strong>55555.</strong></span> 
     </span>
     <span class='ocr_line' id='line_1_16' title="bbox 209 1922 1481 2006; baseline 0.003 -22"><span class='ocrx_word' id='word_1_116' title='bbox 209 1922 366 2005; x_wconf 89' lang='lat' dir='ltr'><strong>sapienti.</strong></span> <span class='ocrx_word' id='word_1_117' title='bbox 413 1922 465 1985; x_wconf 77' lang='lat' dir='ltr'><strong>Ea</strong></span> <span class='ocrx_word' id='word_1_118' title='bbox 486 1924 695 2006; x_wconf 86' lang='lat' dir='ltr'><strong>tempestate</strong></span> <span class='ocrx_word' id='word_1_119' title='bbox 718 1922 805 1985; x_wconf 91' lang='lat' dir='ltr'><strong>obiit</strong></span> <span class='ocrx_word' id='word_1_120' title='bbox 825 1922 1026 1987; x_wconf 88' lang='lat' dir='ltr'><strong>Altahensis</strong></span> <span class='ocrx_word' id='word_1_121' title='bbox 1050 1922 1156 1985; x_wconf 91' lang='lat' dir='ltr'><strong>abbas</strong></span> <span class='ocrx_word' id='word_1_122' title='bbox 1172 1922 1481 2000; x_wconf 68' lang='lat' dir='ltr'><strong>Dietmarus,sapt.a</strong></span> 
     </span>
     <span class='ocr_line' id='line_1_17' title="bbox 207 2009 1382 2094; baseline 0 -21"><span class='ocrx_word' id='word_1_123' title='bbox 207 2009 261 2073; x_wconf 89' lang='grc'><strong>515</strong></span> <span class='ocrx_word' id='word_1_124' title='bbox 284 2011 468 2093; x_wconf 84' lang='lat' dir='ltr'><strong>omnigena</strong></span> <span class='ocrx_word' id='word_1_125' title='bbox 496 2011 628 2094; x_wconf 88' lang='lat' dir='ltr'><strong>pietate</strong></span> <span class='ocrx_word' id='word_1_126' title='bbox 656 2011 831 2094; x_wconf 90' lang='lat' dir='ltr'><strong>probatus,</strong></span> <span class='ocrx_word' id='word_1_127' title='bbox 862 2031 923 2093; x_wconf 95' lang='lat' dir='ltr'><strong>pro</strong></span> <span class='ocrx_word' id='word_1_128' title='bbox 947 2031 1014 2093; x_wconf 93' lang='grc'><strong>555</strong></span> <span class='ocrx_word' id='word_1_129' title='bbox 1039 2011 1212 2074; x_wconf 89' lang='lat' dir='ltr'><strong>communi</strong></span> <span class='ocrx_word' id='word_1_130' title='bbox 1233 2010 1382 2073; x_wconf 80' lang='lat' dir='ltr'><strong>fratrum</strong></span> 
     </span>
     <span class='ocr_line' id='line_1_18' title="bbox 210 2098 1383 2182; baseline 0.001 -21"><span class='ocrx_word' id='word_1_131' title='bbox 210 2118 378 2162; x_wconf 89' lang='grc'><strong>55555555</strong></span> <span class='ocrx_word' id='word_1_132' title='bbox 393 2098 535 2182; x_wconf 84' lang='lat' dir='ltr'><strong>eligitur</strong></span> <span class='ocrx_word' id='word_1_133' title='bbox 550 2098 781 2175; x_wconf 87' lang='lat' dir='ltr'><strong>Adalhardus,</strong></span> <span class='ocrx_word' id='word_1_134' title='bbox 807 2099 960 2163; x_wconf 90' lang='lat' dir='ltr'><strong>eiusdem</strong></span> <span class='ocrx_word' id='word_1_135' title='bbox 976 2099 1253 2181; x_wconf 85' lang='lat' dir='ltr'><strong>congregationis</strong></span> <span class='ocrx_word' id='word_1_136' title='bbox 1268 2119 1383 2162; x_wconf 90' lang='lat' dir='ltr'><strong>mona·</strong></span> 
     </span>
     <span class='ocr_line' id='line_1_19' title="bbox 210 2186 1382 2269; baseline 0.001 -20"><span class='ocrx_word' id='word_1_137' title='bbox 210 2187 304 2263; x_wconf 90' lang='lat' dir='ltr'><strong>chus,</strong></span> <span class='ocrx_word' id='word_1_138' title='bbox 335 2186 434 2250; x_wconf 92' lang='lat' dir='ltr'><strong>bonis</strong></span> <span class='ocrx_word' id='word_1_139' title='bbox 457 2187 649 2269; x_wconf 86' lang='lat' dir='ltr'><strong>quibusque</strong></span> <span class='ocrx_word' id='word_1_140' title='bbox 672 2187 796 2250; x_wconf 90' lang='lat' dir='ltr'><strong>merito</strong></span> <span class='ocrx_word' id='word_1_141' title='bbox 820 2187 1105 2269; x_wconf 89' lang='lat' dir='ltr'><strong>aequiparandus.</strong></span> <span class='ocrx_word' id='word_1_142' title='bbox 1151 2186 1197 2248; x_wconf 82' lang='lat' dir='ltr'><strong>Et</strong></span> <span class='ocrx_word' id='word_1_143' title='bbox 1219 2188 1382 2269; x_wconf 91' lang='lat' dir='ltr'><strong>quoniam</strong></span> 
     </span>
     <span class='ocr_line' id='line_1_20' title="bbox 209 2274 1383 2357; baseline 0.002 -21"><span class='ocrx_word' id='word_1_144' title='bbox 209 2275 343 2357; x_wconf 88' lang='lat' dir='ltr'><strong>pridem</strong></span> <span class='ocrx_word' id='word_1_145' title='bbox 373 2275 507 2340; x_wconf 89' lang='lat' dir='ltr'><strong>obierat</strong></span> <span class='ocrx_word' id='word_1_146' title='bbox 536 2274 711 2338; x_wconf 89' lang='lat' dir='ltr'><strong>Waltheri</strong></span> <span class='ocrx_word' id='word_1_147' title='bbox 733 2274 940 2338; x_wconf 87' lang='lat' dir='ltr'><strong>Veronensis</strong></span> <span class='ocrx_word' id='word_1_148' title='bbox 970 2275 1165 2357; x_wconf 90' lang='lat' dir='ltr'><strong>episcopus,</strong></span> <span class='ocrx_word' id='word_1_149' title='bbox 1195 2275 1383 2357; x_wconf 88' lang='lat' dir='ltr'><strong>imperator</strong></span> 
     </span>
     <span class='ocr_line' id='line_1_21' title="bbox 209 2361 1489 2446; baseline 0.002 -22"><span class='ocrx_word' id='word_1_150' title='bbox 209 2362 339 2426; x_wconf 92' lang='lat' dir='ltr'><strong>ibidem</strong></span> <span class='ocrx_word' id='word_1_151' title='bbox 367 2362 599 2426; x_wconf 73' lang='grc'><strong>555551555557</strong></span> <span class='ocrx_word' id='word_1_152' title='bbox 621 2361 850 2446; x_wconf 90' lang='lat' dir='ltr'><strong>Diotpoldum</strong></span> <span class='ocrx_word' id='word_1_153' title='bbox 878 2361 1060 2426; x_wconf 91' lang='lat' dir='ltr'><strong>substituit</strong></span> <span class='ocrx_word' id='word_1_154' title='bbox 1089 2363 1126 2426; x_wconf 91' lang='lat' dir='ltr'><strong>in</strong></span> <span class='ocrx_word' id='word_1_155' title='bbox 1155 2362 1271 2425; x_wconf 92' lang='lat' dir='ltr'><strong>locum</strong></span> <span class='ocrx_word' id='word_1_156' title='bbox 1298 2363 1489 2428; x_wconf 56' lang='grc'><strong>51555555.</strong></span> 
     </span>
     <span class='ocr_line' id='line_1_22' title="bbox 212 2449 1382 2536; baseline 0.002 -24"><span class='ocrx_word' id='word_1_157' title='bbox 212 2449 313 2528; x_wconf 83' lang='lat' dir='ltr'><strong>Quod</strong></span> <span class='ocrx_word' id='word_1_158' title='bbox 334 2470 415 2515; x_wconf 85' lang='lat' dir='ltr'><strong>vero</strong></span> <span class='ocrx_word' id='word_1_159' title='bbox 431 2450 506 2514; x_wconf 93' lang='lat' dir='ltr'><strong>Deo</strong></span> <span class='ocrx_word' id='word_1_160' title='bbox 530 2450 714 2514; x_wconf 89' lang='lat' dir='ltr'><strong>amabilem</strong></span> <span class='ocrx_word' id='word_1_161' title='bbox 736 2451 926 2536; x_wconf 90' lang='lat' dir='ltr'><strong>principem</strong></span> <span class='ocrx_word' id='word_1_162' title='bbox 949 2450 1066 2514; x_wconf 88' lang='lat' dir='ltr'><strong>divina</strong></span> <span class='ocrx_word' id='word_1_163' title='bbox 1088 2450 1305 2534; x_wconf 88' lang='lat' dir='ltr'><strong>providentia</strong></span> <span class='ocrx_word' id='word_1_164' title='bbox 1328 2451 1382 2514; x_wconf 91' lang='lat' dir='ltr'><strong>de·</strong></span> 
     </span>
     <span class='ocr_line' id='line_1_23' title="bbox 210 2537 1382 2622; baseline -0.001 -21"><span class='ocrx_word' id='word_1_165' title='bbox 210 2537 334 2602; x_wconf 83' lang='lat' dir='ltr'><strong>iendat</strong></span> <span class='ocrx_word' id='word_1_166' title='bbox 363 2559 497 2621; x_wconf 90' lang='lat' dir='ltr'><strong>semper</strong></span> <span class='ocrx_word' id='word_1_167' title='bbox 520 2543 556 2604; x_wconf 90' lang='grc'><strong>55</strong></span> <span class='ocrx_word' id='word_1_168' title='bbox 578 2540 722 2615; x_wconf 89' lang='lat' dir='ltr'><strong>muniat,</strong></span> <span class='ocrx_word' id='word_1_169' title='bbox 752 2540 844 2616; x_wconf 90' lang='lat' dir='ltr'><strong>hinc,</strong></span> <span class='ocrx_word' id='word_1_170' title='bbox 875 2540 935 2622; x_wconf 90' lang='lat' dir='ltr'><strong>qui</strong></span> <span class='ocrx_word' id='word_1_171' title='bbox 964 2538 1058 2616; x_wconf 89' lang='lat' dir='ltr'><strong>velit,</strong></span> <span class='ocrx_word' id='word_1_172' title='bbox 1090 2537 1243 2621; x_wconf 85' lang='lat' dir='ltr'><strong>colligat.</strong></span> <span class='ocrx_word' id='word_1_173' title='bbox 1288 2537 1382 2600; x_wconf 90' lang='lat' dir='ltr'><strong>Dum</strong></span> 
     </span>
     <span class='ocr_line' id='line_1_24' title="bbox 212 2626 1381 2710; baseline -0.001 -19"><span class='ocrx_word' id='word_1_174' title='bbox 212 2647 292 2710; x_wconf 87' lang='lat' dir='ltr'><strong>ergo</strong></span> <span class='ocrx_word' id='word_1_175' title='bbox 322 2628 359 2690; x_wconf 93' lang='grc'><strong>15</strong></span> <span class='ocrx_word' id='word_1_176' title='bbox 382 2626 488 2690; x_wconf 86' lang='grc'><strong>155115</strong></span> <span class='ocrx_word' id='word_1_177' title='bbox 518 2631 757 2704; x_wconf 83' lang='lat' dir='ltr'><strong>commoratur,</strong></span> <span class='ocrx_word' id='word_1_178' title='bbox 788 2628 929 2710; x_wconf 89' lang='lat' dir='ltr'><strong>quidam</strong></span> <span class='ocrx_word' id='word_1_179' title='bbox 959 2628 1002 2691; x_wconf 90' lang='lat' dir='ltr'><strong>de</strong></span> <span class='ocrx_word' id='word_1_180' title='bbox 1030 2628 1130 2710; x_wconf 86' lang='lat' dir='ltr'><strong>regni</strong></span> <span class='ocrx_word' id='word_1_181' title='bbox 1159 2626 1381 2710; x_wconf 87' lang='lat' dir='ltr'><strong>principibus,</strong></span> 
     </span>
    </p>

    <p class='ocr_par' dir='ltr' id='par_1_5' title="bbox 210 2713 1383 2887">
     <span class='ocr_line' id='line_1_25' title="bbox 211 2713 1382 2797; baseline 0.001 -20"><span class='ocrx_word' id='word_1_182' title='bbox 211 2716 270 2797; x_wconf 92' lang='lat' dir='ltr'><strong>qui</strong></span> <span class='ocrx_word' id='word_1_183' title='bbox 290 2717 395 2780; x_wconf 92' lang='lat' dir='ltr'><strong>etiam</strong></span> <span class='ocrx_word' id='word_1_184' title='bbox 417 2715 657 2780; x_wconf 83' lang='lat' dir='ltr'><strong>familiariores</strong></span> <span class='ocrx_word' id='word_1_185' title='bbox 681 2715 734 2779; x_wconf 94' lang='lat' dir='ltr'><strong>illi</strong></span> <span class='ocrx_word' id='word_1_186' title='bbox 757 2716 974 2791; x_wconf 88' lang='lat' dir='ltr'><strong>videbantur,</strong></span> <span class='ocrx_word' id='word_1_187' title='bbox 1005 2717 1070 2779; x_wconf 89' lang='lat' dir='ltr'><strong>hoc</strong></span> <span class='ocrx_word' id='word_1_188' title='bbox 1087 2718 1140 2779; x_wconf 90' lang='lat' dir='ltr'><strong>est</strong></span> <span class='ocrx_word' id='word_1_189' title='bbox 1156 2713 1382 2779; x_wconf 82' lang='lat' dir='ltr'><strong>Gebehardus</strong></span> 
     </span>
     <span class='ocr_line' id='line_1_26' title="bbox 210 2803 1383 2887; baseline -0.001 -20"><span class='ocrx_word' id='word_1_190' title='bbox 210 2807 354 2887; x_wconf 90' lang='lat' dir='ltr'><strong>patruus</strong></span> <span class='ocrx_word' id='word_1_191' title='bbox 379 2805 461 2881; x_wconf 91' lang='lat' dir='ltr'><strong>eius,</strong></span> <span class='ocrx_word' id='word_1_192' title='bbox 484 2805 745 2869; x_wconf 87' lang='lat' dir='ltr'><strong>Ratisbonensis</strong></span> <span class='ocrx_word' id='word_1_193' title='bbox 770 2805 958 2887; x_wconf 91' lang='lat' dir='ltr'><strong>episcopus,</strong></span> <span class='ocrx_word' id='word_1_194' title='bbox 972 2803 1069 2868; x_wconf 85' lang='lat' dir='ltr'><strong>Welf</strong></span> <span class='ocrx_word' id='word_1_195' title='bbox 1092 2803 1383 2868; x_wconf 82' lang='lat' dir='ltr'><strong>Oharintanorum</strong></span> 
     </span>
    </p>

    <p class='ocr_par' dir='ltr' id='par_1_6' title="bbox 211 2891 1383 3152">
     <span class='ocr_line' id='line_1_27' title="bbox 211 2891 1383 2975; baseline 0 -20"><span class='ocrx_word' id='word_1_196' title='bbox 211 2893 281 2955; x_wconf 86' lang='lat' dir='ltr'><strong>dux</strong></span> <span class='ocrx_word' id='word_1_197' title='bbox 311 2891 438 2974; x_wconf 92' lang='lat' dir='ltr'><strong>aliique</strong></span> <span class='ocrx_word' id='word_1_198' title='bbox 469 2892 661 2975; x_wconf 80' lang='lat' dir='ltr'><strong>complures</strong></span> <span class='ocrx_word' id='word_1_199' title='bbox 693 2892 908 2956; x_wconf 87' lang='lat' dir='ltr'><strong>claudestina</strong></span> <span class='ocrx_word' id='word_1_200' title='bbox 941 2913 1019 2956; x_wconf 93' lang='lat' dir='ltr'><strong>cum</strong></span> <span class='ocrx_word' id='word_1_201' title='bbox 1049 2893 1103 2955; x_wconf 92' lang='lat' dir='ltr'><strong>his</strong></span> <span class='ocrx_word' id='word_1_202' title='bbox 1133 2891 1277 2955; x_wconf 90' lang='lat' dir='ltr'><strong>consilia</strong></span> <span class='ocrx_word' id='word_1_203' title='bbox 1307 2912 1383 2955; x_wconf 94' lang='lat' dir='ltr'><strong>con·</strong></span> 
     </span>
     <span class='ocr_line' id='line_1_28' title="bbox 212 2979 1383 3064; baseline 0.003 -24"><span class='ocrx_word' id='word_1_204' title='bbox 212 2979 364 3057; x_wconf 88' lang='grc'><strong>5155555,</strong></span> <span class='ocrx_word' id='word_1_205' title='bbox 394 2981 453 3062; x_wconf 89' lang='grc'><strong>551</strong></span> <span class='ocrx_word' id='word_1_206' title='bbox 476 2981 609 3064; x_wconf 91' lang='lat' dir='ltr'><strong>pridem</strong></span> <span class='ocrx_word' id='word_1_207' title='bbox 632 2980 762 3064; x_wconf 84' lang='lat' dir='ltr'><strong>publici</strong></span> <span class='ocrx_word' id='word_1_208' title='bbox 785 2982 902 3046; x_wconf 85' lang='lat' dir='ltr'><strong>hostes</strong></span> <span class='ocrx_word' id='word_1_209' title='bbox 926 2982 1123 3044; x_wconf 85' lang='lat' dir='ltr'><strong>extiterant.</strong></span> <span class='ocrx_word' id='word_1_210' title='bbox 1169 2980 1284 3062; x_wconf 84' lang='lat' dir='ltr'><strong>Igitur</strong></span> <span class='ocrx_word' id='word_1_211' title='bbox 1307 2979 1383 3044; x_wconf 91' lang='lat' dir='ltr'><strong>Deo</strong></span> 
     </span>
     <span class='ocr_line' id='line_1_29' title="bbox 212 3067 1381 3152; baseline 0 -22"><span class='ocrx_word' id='word_1_212' title='bbox 212 3067 355 3149; x_wconf 83' lang='lat' dir='ltr'><strong>dignum</strong></span> <span class='ocrx_word' id='word_1_213' title='bbox 378 3072 565 3150; x_wconf 83' lang='lat' dir='ltr'><strong>augustum</strong></span> <span class='ocrx_word' id='word_1_214' title='bbox 586 3069 660 3132; x_wconf 86' lang='lat' dir='ltr'><strong>vita</strong></span> <span class='ocrx_word' id='word_1_215' title='bbox 682 3068 785 3131; x_wconf 91' lang='lat' dir='ltr'><strong>simul</strong></span> <span class='ocrx_word' id='word_1_216' title='bbox 808 3072 844 3132; x_wconf 94' lang='lat' dir='ltr'><strong>et</strong></span> <span class='ocrx_word' id='word_1_217' title='bbox 861 3089 969 3151; x_wconf 80' lang='lat' dir='ltr'><strong>regno</strong></span> <span class='ocrx_word' id='word_1_218' title='bbox 985 3070 1128 3152; x_wconf 86' lang='lat' dir='ltr'><strong>privare,</strong></span> <span class='ocrx_word' id='word_1_219' title='bbox 1147 3067 1381 3146; x_wconf 81' lang='lat' dir='ltr'><strong>Ohuononem,</strong></span> 
     </span>
    </p>

    <p class='ocr_par' dir='ltr' id='par_1_7' title="bbox 210 3155 1546 3681">
     <span class='ocr_line' id='line_1_30' title="bbox 211 3155 1383 3239; baseline 0.002 -22"><span class='ocrx_word' id='word_1_220' title='bbox 211 3156 271 3237; x_wconf 94' lang='grc'><strong>551</strong></span> <span class='ocrx_word' id='word_1_221' title='bbox 292 3157 337 3219; x_wconf 91' lang='lat' dir='ltr'><strong>ad</strong></span> <span class='ocrx_word' id='word_1_222' title='bbox 352 3155 510 3238; x_wconf 84' lang='lat' dir='ltr'><strong>Ungaros</strong></span> <span class='ocrx_word' id='word_1_223' title='bbox 527 3156 741 3239; x_wconf 87' lang='lat' dir='ltr'><strong>confugerat,</strong></span> <span class='ocrx_word' id='word_1_224' title='bbox 766 3157 802 3219; x_wconf 91' lang='lat' dir='ltr'><strong>in</strong></span> <span class='ocrx_word' id='word_1_225' title='bbox 826 3156 941 3220; x_wconf 91' lang='lat' dir='ltr'><strong>locum</strong></span> <span class='ocrx_word' id='word_1_226' title='bbox 964 3157 1037 3220; x_wconf 92' lang='lat' dir='ltr'><strong>eius</strong></span> <span class='ocrx_word' id='word_1_227' title='bbox 1060 3157 1245 3239; x_wconf 85' lang='lat' dir='ltr'><strong>subrogare</strong></span> <span class='ocrx_word' id='word_1_228' title='bbox 1263 3176 1383 3219; x_wconf 90' lang='lat' dir='ltr'><strong>conan-</strong></span> 
     </span>
     <span class='ocr_line' id='line_1_31' title="bbox 210 3244 1381 3328; baseline 0.001 -23"><span class='ocrx_word' id='word_1_229' title='bbox 210 3247 302 3321; x_wconf 74' lang='lat' dir='ltr'><strong>tur0,</strong></span> <span class='ocrx_word' id='word_1_230' title='bbox 334 3248 370 3308; x_wconf 92' lang='lat' dir='ltr'><strong>et</strong></span> <span class='ocrx_word' id='word_1_231' title='bbox 400 3245 563 3327; x_wconf 90' lang='lat' dir='ltr'><strong>qnoniam</strong></span> <span class='ocrx_word' id='word_1_232' title='bbox 591 3245 628 3307; x_wconf 93' lang='lat' dir='ltr'><strong>in</strong></span> <span class='ocrx_word' id='word_1_233' title='bbox 658 3246 723 3307; x_wconf 89' lang='lat' dir='ltr'><strong>hac</strong></span> <span class='ocrx_word' id='word_1_234' title='bbox 748 3245 984 3309; x_wconf 89' lang='lat' dir='ltr'><strong>coniuratione</strong></span> <span class='ocrx_word' id='word_1_235' title='bbox 1008 3249 1116 3322; x_wconf 91' lang='lat' dir='ltr'><strong>erant,</strong></span> <span class='ocrx_word' id='word_1_236' title='bbox 1147 3248 1188 3307; x_wconf 90' lang='lat' dir='ltr'><strong>ut</strong></span> <span class='ocrx_word' id='word_1_237' title='bbox 1217 3244 1381 3328; x_wconf 84' lang='lat' dir='ltr'><strong>praedixi,</strong></span> 
     </span>
     <span class='ocr_line' id='line_1_32' title="bbox 210 3332 1380 3486; baseline -0.003 -2"><span class='ocrx_word' id='word_1_238' title='bbox 210 3333 665 3486; x_wconf 44' lang='lat' dir='ltr'><strong>&amp;gastaldatus</strong></span> <span class='ocrx_word' id='word_1_239' title='bbox 681 3332 1380 3486; x_wconf 49' lang='lat' dir='ltr'><strong>slsissabbatissimus</strong></span> 
     </span>
     <span class='ocr_line' id='line_1_33' title="bbox 211 3469 1546 3591; baseline 0.009 -21"><span class='ocrx_word' id='word_1_240' title='bbox 211 3509 373 3590; x_wconf 90' lang='lat' dir='ltr'><strong>quoniam</strong></span> <span class='ocrx_word' id='word_1_241' title='bbox 400 3530 470 3572; x_wconf 91' lang='lat' dir='ltr'><strong>non</strong></span> <span class='ocrx_word' id='word_1_242' title='bbox 501 3512 553 3572; x_wconf 91' lang='lat' dir='ltr'><strong>est</strong></span> <span class='ocrx_word' id='word_1_243' title='bbox 581 3509 763 3572; x_wconf 90' lang='lat' dir='ltr'><strong>consilium</strong></span> <span class='ocrx_word' id='word_1_244' title='bbox 785 3529 896 3591; x_wconf 90' lang='lat' dir='ltr'><strong>neque</strong></span> <span class='ocrx_word' id='word_1_245' title='bbox 919 3509 1089 3573; x_wconf 81' lang='lat' dir='ltr'><strong>fortitudo</strong></span> <span class='ocrx_word' id='word_1_246' title='bbox 1114 3511 1235 3573; x_wconf 89' lang='lat' dir='ltr'><strong>contra</strong></span> <span class='ocrx_word' id='word_1_247' title='bbox 1257 3469 1546 3589; x_wconf 46' lang='lat' dir='ltr'><strong>manipellus.</strong></span> 
     </span>
     <span class='ocr_line' id='line_1_34' title="bbox 210 3596 1382 3681; baseline 0.002 -23"><span class='ocrx_word' id='word_1_248' title='bbox 210 3596 364 3659; x_wconf 87' lang='lat' dir='ltr'><strong>Primum</strong></span> <span class='ocrx_word' id='word_1_249' title='bbox 386 3598 494 3680; x_wconf 84' lang='lat' dir='ltr'><strong>igitur</strong></span> <span class='ocrx_word' id='word_1_250' title='bbox 517 3597 671 3674; x_wconf 85' lang='lat' dir='ltr'><strong>Ohuono,</strong></span> <span class='ocrx_word' id='word_1_251' title='bbox 696 3617 799 3680; x_wconf 90' lang='lat' dir='ltr'><strong>quem</strong></span> <span class='ocrx_word' id='word_1_252' title='bbox 821 3598 1012 3681; x_wconf 87' lang='lat' dir='ltr'><strong>principem</strong></span> <span class='ocrx_word' id='word_1_253' title='bbox 1036 3597 1222 3679; x_wconf 84' lang='lat' dir='ltr'><strong>elegerant,</strong></span> <span class='ocrx_word' id='word_1_254' title='bbox 1247 3596 1382 3660; x_wconf 92' lang='lat' dir='ltr'><strong>misera·</strong></span> 
     </span>
    </p>

    <p class='ocr_par' dir='ltr' id='par_1_8' title="bbox 210 3683 1382 3769">
     <span class='ocr_line' id='line_1_35' title="bbox 210 3683 1382 3769; baseline 0.002 -23"><span class='ocrx_word' id='word_1_255' title='bbox 210 3683 274 3747; x_wconf 91' lang='lat' dir='ltr'><strong>bili</strong></span> <span class='ocrx_word' id='word_1_256' title='bbox 306 3685 520 3749; x_wconf 86' lang='lat' dir='ltr'><strong>excruciatus</strong></span> <span class='ocrx_word' id='word_1_257' title='bbox 555 3688 668 3769; x_wconf 91' lang='lat' dir='ltr'><strong>peste,</strong></span> <span class='ocrx_word' id='word_1_258' title='bbox 703 3686 863 3749; x_wconf 79' lang='lat' dir='ltr'><strong>fraudem</strong></span> <span class='ocrx_word' id='word_1_259' title='bbox 894 3689 929 3750; x_wconf 90' lang='lat' dir='ltr'><strong>et</strong></span> <span class='ocrx_word' id='word_1_260' title='bbox 958 3685 1150 3768; x_wconf 88' lang='lat' dir='ltr'><strong>nequitiam</strong></span> <span class='ocrx_word' id='word_1_261' title='bbox 1183 3685 1382 3748; x_wconf 82' lang='lat' dir='ltr'><strong>terminavit</strong></span> 
     </span>
    </p>
   </div>
   <div class='ocr_carea' id='block_1_3' title="bbox 210 3854 1382 4013">
    <p class='ocr_par' dir='ltr' id='par_1_9' title="bbox 210 3854 1382 4013">
     <span class='ocr_line' id='line_1_36' title="bbox 211 3854 1382 3907; baseline 0 -12"><span class='ocrx_word' id='word_1_262' title='bbox 211 3854 233 3906; x_wconf 83' lang='grc'><strong>5)</strong></span> <span class='ocrx_word' id='word_1_263' title='bbox 247 3859 271 3895; x_wconf 85' lang='grc'><strong>55</strong></span> <span class='ocrx_word' id='word_1_264' title='bbox 285 3855 352 3895; x_wconf 84' lang='lat' dir='ltr'><strong>etiam</strong></span> <span class='ocrx_word' id='word_1_265' title='bbox 366 3867 383 3898; x_wconf 85' lang='lat' dir='ltr'><strong>e.</strong></span> <span class='ocrx_word' id='word_1_266' title='bbox 450 3856 473 3904; x_wconf 87' lang='lat' dir='ltr'><strong>b)</strong></span> <span class='ocrx_word' id='word_1_267' title='bbox 488 3856 613 3896; x_wconf 79' lang='lat' dir='ltr'><strong>transmisit</strong></span> <span class='ocrx_word' id='word_1_268' title='bbox 625 3867 656 3905; x_wconf 84' lang='lat' dir='ltr'><strong>c.,·</strong></span> <span class='ocrx_word' id='word_1_269' title='bbox 677 3856 783 3896; x_wconf 75' lang='lat' dir='ltr'><strong>transivit</strong></span> <span class='ocrx_word' id='word_1_270' title='bbox 797 3857 881 3899; x_wconf 76' lang='lat' dir='ltr'><strong>Stalnd.</strong></span> <span class='ocrx_word' id='word_1_271' title='bbox 955 3855 976 3907; x_wconf 90' lang='lat' dir='ltr'><strong>o)</strong></span> <span class='ocrx_word' id='word_1_272' title='bbox 995 3867 1013 3898; x_wconf 88' lang='lat' dir='ltr'><strong>c.</strong></span> <span class='ocrx_word' id='word_1_273' title='bbox 1032 3857 1089 3895; x_wconf 79' lang='lat' dir='ltr'><strong>deest</strong></span> <span class='ocrx_word' id='word_1_274' title='bbox 1106 3867 1134 3905; x_wconf 80' lang='grc'><strong>5.,</strong></span> <span class='ocrx_word' id='word_1_275' title='bbox 1154 3856 1192 3894; x_wconf 77' lang='lat' dir='ltr'><strong>ubi</strong></span> <span class='ocrx_word' id='word_1_276' title='bbox 1209 3856 1289 3894; x_wconf 79' lang='lat' dir='ltr'><strong>lacuna</strong></span> <span class='ocrx_word' id='word_1_277' title='bbox 1306 3859 1382 3900; x_wconf 76' lang='grc'><strong>555555,</strong></span> 
     </span>
     <span class='ocr_line' id='line_1_37' title="bbox 211 3907 1382 3959; baseline 0 -11"><span class='ocrx_word' id='word_1_278' title='bbox 211 3907 235 3957; x_wconf 85' lang='grc'><strong>(1)</strong></span> <span class='ocrx_word' id='word_1_279' title='bbox 248 3909 343 3948; x_wconf 77' lang='lat' dir='ltr'><strong>honesto</strong></span> <span class='ocrx_word' id='word_1_280' title='bbox 358 3909 448 3947; x_wconf 72' lang='lat' dir='ltr'><strong>additur</strong></span> <span class='ocrx_word' id='word_1_281' title='bbox 460 3910 484 3947; x_wconf 76' lang='lat' dir='ltr'><strong>ln</strong></span> <span class='ocrx_word' id='word_1_282' title='bbox 497 3910 603 3948; x_wconf 63' lang='lat' dir='ltr'><strong>ductario</strong></span> <span class='ocrx_word' id='word_1_283' title='bbox 616 3910 752 3959; x_wconf 76' lang='lat' dir='ltr'><strong>Ekkebardl,</strong></span> <span class='ocrx_word' id='word_1_284' title='bbox 766 3910 804 3948; x_wconf 74' lang='lat' dir='ltr'><strong>abt</strong></span> <span class='ocrx_word' id='word_1_285' title='bbox 816 3911 868 3948; x_wconf 76' lang='lat' dir='ltr'><strong>hacc</strong></span> <span class='ocrx_word' id='word_1_286' title='bbox 882 3910 957 3948; x_wconf 70' lang='lat' dir='ltr'><strong>onmia</strong></span> <span class='ocrx_word' id='word_1_287' title='bbox 971 3910 1081 3958; x_wconf 76' lang='grc'><strong>5555551555</strong></span> <span class='ocrx_word' id='word_1_288' title='bbox 1094 3913 1149 3952; x_wconf 68' lang='lat' dir='ltr'><strong>mat.</strong></span> <span class='ocrx_word' id='word_1_289' title='bbox 1212 3911 1234 3958; x_wconf 93' lang='lat' dir='ltr'><strong>e)</strong></span> <span class='ocrx_word' id='word_1_290' title='bbox 1250 3920 1269 3952; x_wconf 92' lang='lat' dir='ltr'><strong>c.</strong></span> <span class='ocrx_word' id='word_1_291' title='bbox 1282 3910 1339 3948; x_wconf 72' lang='lat' dir='ltr'><strong>deest</strong></span> <span class='ocrx_word' id='word_1_292' title='bbox 1352 3921 1382 3958; x_wconf 82' lang='lat' dir='ltr'><strong>c.,·</strong></span> 
     </span>
     <span class='ocr_line' id='line_1_38' title="bbox 210 3960 640 4013; baseline 0.002 -11"><span class='ocrx_word' id='word_1_293' title='bbox 210 3962 355 4002; x_wconf 63' lang='lat' dir='ltr'><strong>&amp;armatum</strong></span> <span class='ocrx_word' id='word_1_294' title='bbox 369 3965 484 4005; x_wconf 78' lang='lat' dir='ltr'><strong>conantes.</strong></span> <span class='ocrx_word' id='word_1_295' title='bbox 537 3960 609 4013; x_wconf 70' lang='lat' dir='ltr'><strong>need</strong></span> <span class='ocrx_word' id='word_1_296' title='bbox 622 3974 640 4005; x_wconf 80' lang='lat' dir='ltr'><strong>c.</strong></span> 
     </span>
    </p>
   </div>
   <div class='ocr_carea' id='block_1_4' title="bbox 208 4102 1388 4512">
    <p class='ocr_par' dir='ltr' id='par_1_10' title="bbox 208 4102 1388 4512">
     <span class='ocr_line' id='line_1_39' title="bbox 210 4102 1381 4171; baseline -0.003 -13"><span class='ocrx_word' id='word_1_297' title='bbox 210 4103 238 4171; x_wconf 86' lang='lat'><strong>1)</strong></span> <span class='ocrx_word' id='word_1_298' title='bbox 253 4104 318 4155; x_wconf 76' lang='lat' dir='ltr'><strong>Vide</strong></span> <span class='ocrx_word' id='word_1_299' title='bbox 329 4119 491 4169; x_wconf 77' lang='lat' dir='ltr'><strong>anonymum</strong></span> <span class='ocrx_word' id='word_1_300' title='bbox 502 4103 677 4155; x_wconf 79' lang='lat' dir='ltr'><strong>Haserensem</strong></span> <span class='ocrx_word' id='word_1_301' title='bbox 688 4120 710 4159; x_wconf 85' lang='lat' dir='ltr'><strong>c.</strong></span> <span class='ocrx_word' id='word_1_302' title='bbox 722 4106 757 4159; x_wconf 84' lang='lat'><strong>38</strong></span> <span class='ocrx_word' id='word_1_303' title='bbox 770 4104 832 4171; x_wconf 81' lang='lat' dir='ltr'><strong>(SS.</strong></span> <span class='ocrx_word' id='word_1_304' title='bbox 842 4103 904 4170; x_wconf 85' lang='lat' dir='ltr'><strong>VII,</strong></span> <span class='ocrx_word' id='word_1_305' title='bbox 914 4121 944 4171; x_wconf 83' lang='lat' dir='ltr'><strong>p.</strong></span> <span class='ocrx_word' id='word_1_306' title='bbox 956 4104 1032 4167; x_wconf 88' lang='grc'><strong>205).</strong></span> <span class='ocrx_word' id='word_1_307' title='bbox 1086 4102 1114 4171; x_wconf 92' lang='grc'><strong>2)</strong></span> <span class='ocrx_word' id='word_1_308' title='bbox 1125 4104 1290 4170; x_wconf 77' lang='lat' dir='ltr'><strong>Siumpfnr.</strong></span> <span class='ocrx_word' id='word_1_309' title='bbox 1302 4105 1381 4158; x_wconf 85' lang='grc'><strong>2470.</strong></span> 
     </span>
     <span class='ocr_line' id='line_1_40' title="bbox 211 4172 1382 4242; baseline 0.002 -16"><span class='ocrx_word' id='word_1_310' title='bbox 211 4175 253 4238; x_wconf 78' lang='lat' dir='ltr'><strong>Of.</strong></span> <span class='ocrx_word' id='word_1_311' title='bbox 272 4175 456 4228; x_wconf 75' lang='grc'><strong>1155555155.</strong></span> <span class='ocrx_word' id='word_1_312' title='bbox 546 4172 574 4240; x_wconf 91' lang='grc'><strong>3)</strong></span> <span class='ocrx_word' id='word_1_313' title='bbox 592 4175 634 4238; x_wconf 80' lang='lat' dir='ltr'><strong>Of.</strong></span> <span class='ocrx_word' id='word_1_314' title='bbox 653 4174 808 4241; x_wconf 66' lang='lat' dir='ltr'><strong>Steindorffl</strong></span> <span class='ocrx_word' id='word_1_315' title='bbox 829 4174 1019 4228; x_wconf 72' lang='lat' dir='ltr'><strong>‘Jahrbooher’</strong></span> <span class='ocrx_word' id='word_1_316' title='bbox 1037 4173 1076 4242; x_wconf 91' lang='grc' dir='ltr'><strong>ΙΙ,</strong></span> <span class='ocrx_word' id='word_1_317' title='bbox 1091 4192 1121 4242; x_wconf 83' lang='lat' dir='ltr'><strong>p.</strong></span> <span class='ocrx_word' id='word_1_318' title='bbox 1139 4175 1291 4241; x_wconf 84' lang='grc'><strong>290-300,</strong></span> <span class='ocrx_word' id='word_1_319' title='bbox 1309 4190 1336 4228; x_wconf 78' lang='lat' dir='ltr'><strong>a.</strong></span> <span class='ocrx_word' id='word_1_320' title='bbox 1355 4176 1382 4228; x_wconf 87' lang='lat'><strong>5.</strong></span> 
     </span>
     <span class='ocr_line' id='line_1_41' title="bbox 209 4242 1382 4312; baseline -0.001 -15"><span class='ocrx_word' id='word_1_321' title='bbox 209 4245 238 4310; x_wconf 90' lang='grc'><strong>4)</strong></span> <span class='ocrx_word' id='word_1_322' title='bbox 253 4245 415 4300; x_wconf 73' lang='grc'><strong>5155551155.</strong></span> <span class='ocrx_word' id='word_1_323' title='bbox 452 4245 494 4309; x_wconf 78' lang='lat' dir='ltr'><strong>Of.</strong></span> <span class='ocrx_word' id='word_1_324' title='bbox 513 4245 689 4297; x_wconf 66' lang='lat' dir='ltr'><strong>Barbetium</strong></span> <span class='ocrx_word' id='word_1_325' title='bbox 706 4248 825 4301; x_wconf 72' lang='grc'><strong>51055.</strong></span> <span class='ocrx_word' id='word_1_326' title='bbox 842 4253 867 4298; x_wconf 80' lang='lat' dir='ltr'><strong>et</strong></span> <span class='ocrx_word' id='word_1_327' title='bbox 884 4246 1060 4298; x_wconf 79' lang='lat' dir='ltr'><strong>Bonitboncm</strong></span> <span class='ocrx_word' id='word_1_328' title='bbox 1074 4262 1104 4312; x_wconf 79' lang='lat' dir='ltr'><strong>p.</strong></span> <span class='ocrx_word' id='word_1_329' title='bbox 1120 4247 1182 4301; x_wconf 87' lang='grc'><strong>590.</strong></span> <span class='ocrx_word' id='word_1_330' title='bbox 1255 4244 1282 4312; x_wconf 88' lang='grc'><strong>5)</strong></span> <span class='ocrx_word' id='word_1_331' title='bbox 1298 4242 1382 4297; x_wconf 89' lang='grc' dir='ltr'><strong>Μ5151</strong></span> 
     </span>
     <span class='ocr_line' id='line_1_42' title="bbox 210 4314 1383 4384; baseline 0.001 -18"><span class='ocrx_word' id='word_1_332' title='bbox 210 4314 401 4383; x_wconf 85' lang='lat' dir='ltr'><strong>episcoporum</strong></span> <span class='ocrx_word' id='word_1_333' title='bbox 423 4331 474 4383; x_wconf 88' lang='lat' dir='ltr'><strong>per</strong></span> <span class='ocrx_word' id='word_1_334' title='bbox 498 4314 682 4382; x_wconf 83' lang='lat' dir='ltr'><strong>symoniacam</strong></span> <span class='ocrx_word' id='word_1_335' title='bbox 706 4315 816 4370; x_wconf 86' lang='lat' dir='ltr'><strong>heresin</strong></span> <span class='ocrx_word' id='word_1_336' title='bbox 840 4315 957 4384; x_wconf 84' lang='lat' dir='ltr'><strong>depositi</strong></span> <span class='ocrx_word' id='word_1_337' title='bbox 979 4317 1043 4368; x_wconf 86' lang='lat' dir='ltr'><strong>sunt</strong></span> <span class='ocrx_word' id='word_1_338' title='bbox 1065 4318 1094 4369; x_wconf 91' lang='lat' dir='ltr'><strong>et</strong></span> <span class='ocrx_word' id='word_1_339' title='bbox 1112 4331 1194 4382; x_wconf 86' lang='lat' dir='ltr'><strong>quam</strong></span> <span class='ocrx_word' id='word_1_340' title='bbox 1216 4314 1308 4383; x_wconf 87' lang='grc'><strong>515555</strong></span> <span class='ocrx_word' id='word_1_341' title='bbox 1331 4331 1383 4383; x_wconf 86' lang='grc'><strong>555</strong></span> 
     </span>
     <span class='ocr_line' id='line_1_43' title="bbox 209 4383 1388 4455; baseline 0.002 -19"><span class='ocrx_word' id='word_1_342' title='bbox 209 4383 396 4439; x_wconf 87' lang='lat' dir='ltr'><strong>fornicationis</strong></span> <span class='ocrx_word' id='word_1_343' title='bbox 415 4386 527 4452; x_wconf 89' lang='lat' dir='ltr'><strong>crimen,</strong></span> <span class='ocrx_word' id='word_1_344' title='bbox 546 4387 663 4440; x_wconf 79' lang='lat' dir='ltr'><strong>Bonitho</strong></span> <span class='ocrx_word' id='word_1_345' title='bbox 681 4387 699 4442; x_wconf 88' lang='lat' dir='ltr'><strong>l.</strong></span> <span class='ocrx_word' id='word_1_346' title='bbox 713 4389 731 4443; x_wconf 85' lang='lat' dir='ltr'><strong>l.</strong></span> <span class='ocrx_word' id='word_1_347' title='bbox 804 4387 831 4455; x_wconf 91' lang='grc'><strong>6)</strong></span> <span class='ocrx_word' id='word_1_348' title='bbox 849 4387 890 4452; x_wconf 80' lang='lat' dir='ltr'><strong>Cf.</strong></span> <span class='ocrx_word' id='word_1_349' title='bbox 909 4387 1084 4440; x_wconf 74' lang='lat' dir='ltr'><strong>Bonitboaem</strong></span> <span class='ocrx_word' id='word_1_350' title='bbox 1103 4388 1120 4440; x_wconf 84' lang='grc'><strong>1.</strong></span> <span class='ocrx_word' id='word_1_351' title='bbox 1138 4388 1156 4442; x_wconf 84' lang='grc'><strong>1.</strong></span> <span class='ocrx_word' id='word_1_352' title='bbox 1229 4387 1256 4454; x_wconf 87' lang='grc'><strong>7)</strong></span> <span class='ocrx_word' id='word_1_353' title='bbox 1273 4387 1388 4454; x_wconf 75' lang='lat' dir='ltr'><strong>Stampf</strong></span> 
     </span>
     <span class='ocr_line' id='line_1_44' title="bbox 208 4458 351 4512; baseline 0.042 -6"><span class='ocrx_word' id='word_1_354' title='bbox 208 4471 255 4510; x_wconf 82' lang='lat' dir='ltr'><strong>nr.</strong></span> <span class='ocrx_word' id='word_1_355' title='bbox 273 4458 351 4512; x_wconf 88' lang='grc'><strong>2484.</strong></span> 
     </span>
    </p>
   </div>
   <div class='ocr_carea' id='block_1_5' title="bbox 1134 4564 1168 4618">
    <p class='ocr_par' dir='ltr' id='par_1_11' title="bbox 1134 4564 1168 4618">
     <span class='ocr_line' id='line_1_45' title="bbox 1134 4564 1168 4618; baseline 0 -22"><span class='ocrx_word' id='word_1_356' title='bbox 1134 4564 1168 4618; x_wconf 74' lang='grc'><strong>4*</strong></span> 
     </span>
    </p>
   </div>
   <div class='ocr_carea' id='block_1_6' title="bbox 0 0 1640 5028">
    <p class='ocr_par' dir='ltr' id='par_1_12' title="bbox 0 0 1640 5028">
     <span class='ocr_line' id='line_1_46' title="bbox 0 0 1640 5028; baseline 0 0"><span class='ocrx_word' id='word_1_357' title='bbox 0 0 1640 5028; x_wconf 95' lang='lat' dir='ltr'><strong> </strong></span> 
     </span>
    </p>
   </div>
  </div>
 </body>
</html>
