3268 5036
249 444 282 497 lu
382 439 561 496 ANNALES
579 441 832 497 AL'I'AHENSES
851 440 1031 498 MAIORES.
1068 441 1103 496 Δ.
1124 443 1272 499 acl-968.

140 627 238 671 aaron.
353 622 415 675 661.
451 618 525 674 Otdo
537 635 586 674 rex
599 636 615 673 a
626 618 750 674 Iohanne
762 637 835 689 papa
846 619 963 674 Romam
983 620 1018 673 ad
1036 618 1214 689 mitigandam
1233 617 1418 688 arrogantiam

246 707 390 762 adabert
417 708 489 778 regis
515 708 658 776 invitatur,
697 701 733 762 et
766 698 887 762 eodem
921 718 1012 761 anno
1047 695 1146 761 Oddo
1180 696 1276 760 iussu
1310 695 1418 779 patris

248 784 401 850 Oddouis
424 805 484 850 rex
506 785 621 850 factus
643 789 706 850 eet.

354 877 428 936 962.
476 873 575 939 0666
601 875 708 938 maior
731 874 838 938 Italia
861 873 1013 950 subacta,
1039 873 1246 956 Berengario
1270 873 1416 946 obsessa,

247 961 437 1026 Adalberto
466 963 590 1045 fugato
620 983 641 1026 a
670 962 827 1026 Iohanne
857 983 946 1046 papa
975 963 1161 1046 imperator
1192 961 1336 1026 effectus
1366 965 1418 1025 est

248 1071 326 1115 cum
349 1071 481 1115 summo
503 1051 735 1115 Romanorum
757 1051 921 1135 tripudio.

355 1144 429 1202 963.
476 1139 659 1216 Iohannes,
691 1138 735 1203 ab
762 1140 968 1223 imperatore
993 1139 1164 1216 deficiens,
1189 1138 1418 1204 Adalbertum

247 1227 386 1311 recepit
417 1227 603 1310 imperator
625 1248 715 1304 vero,
746 1228 942 1311 regrediens
964 1229 1119 1304 Romam,
1151 1229 1310 1292 sinodum
1340 1247 1418 1290 oum

248 1316 413 1400 episeopis
437 1315 561 1380 habuit
585 1321 629 1390 et,
654 1317 810 1381 Iohanne
833 1317 919 1400 fuga
942 1317 1048 1401 lapso,
1072 1316 1223 1381 Leonem
1246 1316 1282 1379 in
1303 1315 1418 1380 sedem

145 1425 170 1467 A.
179 1423 239 1466 1616.
248 1404 471 1488 apostolicam
495 1404 711 1469 collocaviff.
760 1416 825 1486 Ipso
851 1435 923 1472 anno
947 1435 1010 1472 seva
1032 1417 1183 1471 mortalitas
1201 1417 1300 1472 invasit
1318 1416 1418 1470 exerci-

248 1493 307 1541 tum
325 1488 504 1557 imperatoris,
529 1491 558 1542 et
577 1487 606 1541 in
625 1505 658 1542 66
675 1488 822 1544 Heinrious
841 1488 1059 1558 archiepiscopus
1077 1487 1238 1542 Trevericae
1257 1487 1373 1542 civitatn
1391 1490 1420 1541 ct

247 1559 303 1612 dux
322 1558 481 1614 Gotefridus
499 1559 583 1612 vitam
601 1559 746 1628 perdidere
764 1561 919 1628 caeterique
937 1577 994 1614 non
1011 1560 1099 1628 pauci.

341 1631 430 1699 ⁶964.
477 1635 689 1720 Imperatore
709 1637 826 1701 natale
843 1637 982 1701 Domini
997 1637 1126 1700 Romae
1143 1640 1267 1719 agente
1278 1635 1298 1709 ¹,
1316 1634 1419 1698 Bern·
1430 1649 1464 1699 *a
1475 1651 1523 1690 787-

248 1718 386 1788 hariusb
414 1725 559 1809 eapitur.
606 1725 855 1809 Imperatoria
877 1725 1040 1789 Romanis
1071 1745 1160 1788 mors
1190 1724 1417 1800 machinatur,

249 1834 335 1896 quae
364 1817 483 1878 tamen
513 1814 723 1878 machinatio
756 1815 800 1877 ad
830 1813 919 1878 velle
949 1814 1022 1878 eius
1052 1813 1238 1877 honorifice
1268 1814 1418 1877 sedatur.

249 1901 441 1985 Imperator
468 1902 578 1966 Roma
608 1903 797 1985 egreditur;
829 1903 899 1966 Leo
929 1922 1020 1985 papa
1049 1923 1070 1966 a
1091 1901 1255 1966 Romanis
1286 1901 1418 1977 eicitur,

250 1989 423 2053 Iohannes
452 1991 639 2073 reponitur,
671 2011 737 2073 quo
765 1995 902 2054 mortuo
925 1989 1134 2055 Benedictus
1158 1990 1308 2072 eligitur.
1354 1988 1419 2051 Im·

249 2081 405 2161 peratore
420 2079 565 2142 Romam
580 2083 764 2156 remeante,
785 2079 933 2163 populus
947 2079 1122 2144 Romanus
1138 2065 1297 2155 vincitur,
1315 2077 1419 2142 Bene·

249 2166 362 2230 dictus
392 2187 481 2250 papa
504 2167 685 2250 Adaldago
709 2167 1022 2252 Hammaburgensi
1051 2169 1210 2252 episeopo
1241 2166 1420 2230 committi-

142 2259 316 2331 srrerstur,
372 2256 451 2319 aulo
481 2260 559 2340 post
586 2257 732 2321 moritur
742 2258 762 2318 ².
809 2268 915 2322 Eodem
939 2269 1023 2339 igitur
1048 2286 1119 2322 anno
1138 2265 1349 2322 Berenhardusb
1372 2284 1421 2320 rex

248 2278 495 2407 Langobardorum
513 2339 637 2393 obsessus
655 2340 743 2392 estin
755 2344 848 2393 monte
861 2341 948 2393 saneti
960 2339 1068 2408 Leonis,
1088 2339 1179 2407 ibique
1199 2342 1293 2408 eaptus
1312 2342 1340 2391 66
1358 2355 1420 2392 cum

249 2410 276 2463 vi
301 2410 433 2464 deductus
458 2427 513 2463 una
538 2427 601 2463 cum
625 2411 720 2480 regina
745 2411 802 2464 eius
828 2411 1023 2464 cohabitatrice
1040 2409 1125 2464 Willa
1149 2411 1178 2463 in
1199 2409 1363 2463 Bavariam⁰
1387 2409 1421 2462 ad

250 2481 391 2535 castellum
409 2480 575 2549 Babinberg,
594 2481 686 2548 ibique
704 2481 881 2534 novissimum
900 2482 972 2535 diem
990 2482 1139 2550 praesentis
1158 2481 1230 2536 vitae
1248 2481 1344 2536 finivit.

212 2559 241 2601 a,
357 2555 418 2607 965.
455 2551 527 2605 0666
555 2551 704 2620 imperator
731 2551 765 2604 de
789 2551 983 2622 Langobardia
1007 2553 1081 2606 venit
1110 2552 1145 2606 ad
1167 2551 1370 2606 Franoonofurt
1394 2555 1422 2604 et

250 2622 328 2676 illum
347 2640 448 2676 annum
467 2623 604 2691 integrum
622 2623 651 2674 in
669 2622 721 2675 isto
739 2639 825 2691 regno
843 2625 980 2691 manebat,
1001 2623 1165 2691 interimque
1184 2641 1278 2678 omnes
1297 2640 1359 2676 suos
1378 2625 1421 2677 ad·

252 2694 346 2747 unavit
364 2693 399 2746 66
416 2710 512 2762 pacem
532 2697 559 2746 et
578 2693 760 2749 concordiam.
796 2693 834 2746 Et
845 2693 922 2747 Brun
939 2694 1157 2763 archiepiscopus
1169 2694 1339 2763 Agrippinae
1359 2693 1421 2747 civi·

252 2765 323 2833 tatis,
342 2764 427 2818 frater
444 2763 647 2834 imperatorisd,
666 2764 750 2817 vitam
769 2781 832 2817 cum
850 2781 917 2833 pace
935 2764 1031 2821 finivit.

150 2845 242 2889 65666.
358 2839 419 2892 966.
455 2835 561 2889 Iterum
580 2834 647 2888 abiit
666 2834 738 2889 Otdo
760 2835 910 2904 imperator
930 2837 1012 2890 tertia
1029 2836 1088 2890 vice
1108 2834 1143 2889 66
1161 2835 1278 2905 Italiam,
1304 2835 1422 2903 indeque

251 2906 345 2960 adiens
371 2907 466 2959 limina
490 2906 576 2960 sancti
600 2905 676 2959 Petri
700 2907 831 2976 principis
856 2909 1049 2976 apostolorum,
1074 2910 1103 2961 et
1124 2906 1180 2960 illic
1198 2907 1257 2961 Deo
1282 2911 1310 2961 et
1328 2910 1422 2960 sancto

251 2977 335 3031 Petro
354 2977 531 3047 supplicando
550 2977 699 3048 gratiarum
712 2979 832 3033 actiones
844 2978 974 3048 reserens,
993 2996 1026 3033 eo
1045 2981 1117 3048 quod
1130 2983 1237 3047 cuncta,
1256 2994 1325 3047 quae
1345 2980 1423 3031 erant

213 3133 242 3174 66,
251 3066 318 3118 erga
335 3066 418 3176 811611.
427 3050 882 3175 Ρτὲεᾶθΐὲηξιῖηὲ6αι1ζεθιξ16666ωὸ1ᾱο
906 3122 1055 3191 imperator
1077 3121 1182 3190 legatos
1200 3137 1262 3173 suos
1281 3119 1315 3172 66
1334 3116 1421 3170 Willi-

251 3191 373 3244 helmum
398 3191 632 3261 archiepiscopum
657 3191 808 3262 Mogontia,
832 3192 906 3246 misit
932 3198 959 3245 et
983 3191 1019 3245 ad
1044 3192 1110 3245 alios
1135 3191 1270 3260 principes
1295 3205 1365 3252 erus,
1391 3191 1422 3238 ut

252 3262 389 3317 Otdonem
412 3262 499 3315 filium
523 3280 602 3316 suum
622 3280 685 3316 cum
703 3263 778 3317 omni
796 3263 881 3332 regali
900 3263 1032 3332 dignitate
1050 3261 1233 3329 proveherent
1251 3257 1286 3311 ad
1303 3256 1420 3337 Italiam.

251 3332 366 3400 Illicque
379 3332 451 3387 Otdo
471 3333 562 3388 senior
579 3334 697 3403 suscepit
715 3351 778 3387 eum
797 3336 825 3386 et
843 3350 935 3386 secum
948 3332 1061 3386 deduxit
1073 3330 1191 3383 Romam
1210 3327 1421 3382 commendavit-

252 3421 305 3472 que
317 3405 394 3457 illum
407 3404 575 3472 6666661666θ
592 3403 715 3458 Iohanne
729 3401 912 3473 posteriores,
932 3406 963 3454 ut
981 3403 1015 3455 ab
1028 3419 1060 3454 eo
1074 3400 1242 3469 augustalem
1254 3397 1421 3452 benedictio·

252 3491 316 3527 nem
333 3476 488 3544 recepisset,
507 3479 538 3528 ut
555 3475 705 3544 imperator
723 3479 853 3544 augustus
872 3472 944 3526 foret
961 3472 1112 3541 appellatus
1131 3469 1274 3537 acunctis,
1293 3469 1338 3536 qui
1359 3486 1421 3522 eum

253 3546 433 3615 agnovissent,
452 3547 522 3600 sicut
538 3549 617 3614 pater
635 3547 700 3600 eius.

214 3626 243 3670 ib·
360 3621 420 3674 968.
457 3615 588 3686 Migravit
617 3633 634 3668 a
663 3616 771 3669 saeculo
799 3613 982 3666 Willihalmus
1012 3610 1239 3679 archiepiscopus.
1288 3610 1422 3680 Egilolfus

252 3685 446 3742 Herveldensis
471 3688 576 3740 abbas&
604 3686 775 3739 transmissus
801 3688 842 3739 est
867 3701 901 3736 ex
924 3687 1002 3751 parte
1026 3682 1198 3751 imperatoris
1222 3682 1256 3736 66
1278 3682 1367 3750 Italia,
1392 3687 1423 3736 ut

253 3757 350 3812 fratres
380 3758 529 3812 Fuldenses
557 3757 750 3810 Werinherum
782 3756 914 3825 eligerent
944 3753 979 3806 ad
1009 3753 1152 3818 abbatem,
1182 3753 1301 3822 indeque
1332 3752 1418 3808 666661Ί

252 3829 432 3899 Mogontiam,
452 3832 483 3881 ut
500 3829 545 3882 ille
564 3828 651 3880 clerus
670 3826 803 3893 simulque
822 3829 896 3878 totus
914 3825 1030 3894 populus
1048 3823 1215 3894 Hatdonem‚
1234 3826 1324 3880 virum
1342 3843 1422 3879 vene·

253 3901 375 3968 rabilem,
401 3900 452 3953 sibi
477 3899 673 3952 constituerent
697 3897 726 3949 in
750 3896 901 3950 dominium
919 3894 1081 3964 pontificalis
1099 3896 1219 3954 honoris.
1256 3897 1423 3952 Adalbertus

253 3970 357 4040 primus
376 3969 565 4038 episcopusin
583 3967 773 4037 Magadaburg
792 3967 975 4024 constituitur.

253 4134 276 4180 a)
290 4131 414 4170 collocante
428 4141 445 4171 c.
498 4130 522 4177 b)
535 4129 566 4168 stc
580 4139 597 4170 c.
651 4131 671 4175 c)
685 4126 803 4166 lominus
819 4129 842 4166 ln
856 4139 926 4176 mora.
941 4129 1042 4168 sacrarit
1056 4129 1175 4170 Bolsrlam.
1236 4126 1260 4174 d)
1274 4125 1288 4169 6.
1303 4128 1317 4169 i.
1331 4126 1358 4168 A.
1375 4137 1393 4168 6,
1407 4137 1424 4169 c.

254 4187 275 4233 e)
292 4196 313 4226 6.
332 4185 403 4223 omisis
421 4183 534 4232 librarius,
553 4182 632 4230 lcys'tur
649 4182 708 4230 opud
726 4181 875 4224 scandarium,
955 4183 974 4230 s)
991 4183 1037 4224 cod.
1053 4184 1145 4232 Ioanne,
1165 4181 1297 4220 Statndsllus
1314 4180 1422 4228 Iohanne,

253 4239 371 4278 Annaltsto
384 4237 523 4278 Hilotsshctm.
537 4235 640 4284 Iohanni,
661 4239 683 4273 at
698 4235 872 4286 quaquaestum
886 4237 1011 4286 posteriore
1025 4237 1094 4278 tata.
1174 4237 1196 4284 g)
1211 4245 1231 4276 a.
1246 4234 1348 4272 omarum
1361 4233 1385 4271 tn
1398 4244 1423 4284 6,,

254 4293 332 4341 lapltur
346 4292 405 4340 opud
419 4289 568 4332 staindelium.
622 4289 646 4336 h)
659 4288 716 4328 abiit
729 4299 747 4332 c.

255 4416 282 4484 1)
300 4417 342 4482 Cf.
360 4417 480 4469 Annales
497 4416 614 4469 Herculi.
686 4414 714 4482 2)
731 4415 774 4479 Of.
792 4416 863 4467 Ana.
882 4414 960 4470 Hild.
978 4415 1015 4466 ad
1033 4431 1059 4469 o.
1078 4414 1139 4469 963.
