3270 5028
356 449 537 506 ANNALES
554 451 809 509 andnumans
827 454 1010 512 MAIORES.
1045 454 1081 512 A.
1095 457 1173 512 1065.
1187 458 1266 512 1066.
1364 457 1398 511 71

226 637 333 700 totins
349 636 550 700 86166666ει
570 640 606 700 66
621 637 788 701 Franciae
804 639 850 701 66
865 636 1073 720 Babenperg
1093 637 1248 702 detulere
1265 641 1301 702 66
1316 641 1398 702 ante

227 745 320 789 aram
343 728 482 789 sanctae
506 723 697 804 Gertrudis
730 727 1018 808 quemadmodum
1046 727 1119 809 ipse
1143 727 1257 790 adhuc
1280 727 1398 789 vivens

226 814 452 890 ordinaverat,
484 833 563 876 cum
592 815 722 878 honore
752 814 889 878 decenti
919 813 1094 897 sepeliere.
1141 814 1188 878 Et
1214 814 1298 878 licet
1326 813 1397 891 1116,

225 905 265 965 66
287 921 366 966 6666
389 902 568 978 credimus,
600 904 645 966 ad
674 903 817 967 meliora
846 904 1094 980 conscenderit,
1126 902 1259 966 luctum
1281 906 1400 966 tamen

224 990 508 1055 inconsolabilem
530 991 601 1055 suis
617 991 812 1074 dereliquit.
847 991 898 1054 Ut
921 991 1013 1054 enim
1037 1011 1115 1055 cum
1137 1010 1221 1074 pace
1244 990 1400 1054 omnium

225 1079 387 1156 dicamus,
418 1080 545 1143 nostris
574 1079 787 1164 temporibus
816 1079 879 1143 illo
902 1079 940 1141 in
962 1079 1149 1143 virtutibus
1170 1079 1280 1142 maior
1301 1099 1399 1141 rarus

224 1168 404 1250 quisquam
434 1168 581 1231 surrexit
611 1172 672 1232 666
699 1167 828 1245 661166,
860 1170 896 1231 66
919 1168 976 1231 vix
999 1169 1238 1250 credipotest,
1269 1167 1298 1230 si
1321 1169 1400 1250 post

224 1274 303 1319 eum
325 1257 396 1319 iam
417 1256 499 1320 talis
522 1257 568 1320 sit
591 1257 716 1339 aliquis
740 1259 954 1320 surrecturus
965 1255 987 1317 1.
1034 1255 1196 1320 Succedit
1216 1256 1254 1319 in
1274 1255 1399 1338 episco

223 1347 344 1427 patum
359 1344 413 1406 illi
428 1345 672 1421 Herimannus,
688 1345 914 1428 Mogontinus
938 1345 1122 1408 canonicus
1132 1345 1154 1405 ².
1200 1342 1399 1425 Egilbertus

224 1431 440 1495 Bathavinus
456 1433 635 1516 episcopus
650 1433 748 1509 obiit,
769 1432 980 1496 Altmannus
996 1432 1150 1496 succedit
1158 1431 1180 1494 ³.
1225 1423 1394 1494 Rutherib
1408 1450 1502 1495 666.

224 1519 446 1585 Τ66616166616
477 1522 656 1604 episcopus
686 1521 774 1585 obiit
782 1521 804 1598 ⁴,
840 1521 994 1584 succedit
1023 1519 1288 1597 Wolframmus,
1322 1523 1486 1584 6616666.

225 1607 331 1673 abbas
355 1607 548 1673 0616666616
557 1608 579 1686 ⁵,
603 1611 737 1693 pridem
758 1629 839 1673 vero
862 1609 1052 1672 monachus
1075 1606 1286 1672 Altahensis.
1321 1607 1471 1672 Hoercc.

224 1715 315 1761 anno
346 1697 486 1762 abbatia
515 1698 716 1762 Altahensis
748 1699 786 1760 in
815 1697 1021 1762 beneficium
1050 1698 1153 1760 datur
1183 1695 1290 1760 Otoni
1320 1695 1401 1760 duci

224 1784 433 1864 Baioarico⁶,
465 1788 558 1869 quod
586 1808 666 1851 mox
694 1786 799 1850 multi
828 1788 1016 1870 coeperunt
1045 1785 1180 1869 opinari
1209 1788 1245 1849 66
1275 1785 1398 1860 dicere,

224 1874 305 1955 quia
327 1895 397 1938 666
420 1875 453 1939 61
476 1894 651 1940 cessmnm
674 1877 763 1940 esset
785 1894 957 1958 prospere.

765 2027 859 2099 1066.

330 2139 457 2204 Natale
471 2140 600 2204 Christi
611 2160 672 2204 rex
680 2138 944 2222 111636661661Μ
955 2139 1117 2215 celebrat,
1130 2139 1309 2221 paschalia
1319 2158 1399 2202 vero
1408 2159 1506 2212 66616.

222 2223 480 2292 Nemidone⁶·⁸.
515 2226 639 2291 Tribus
655 2228 818 2311 proximis
834 2226 955 2291 diebus
972 2231 1053 2291 ante
1069 2228 1198 2311 pascha
1213 2247 1274 2309 per
1288 2231 1400 2290 totam

224 2315 366 2379 Italiam
389 2315 493 2380 stella
515 2317 685 2397 quaedam
702 2316 808 2379 mirae
824 2315 1073 2397 magnitudinis
1090 2314 1287 2397 apparebat,
1312 2333 1400 2396 quac

223 2405 359 2467 radium
387 2425 497 2467 unum
525 2405 565 2467 in
586 2405 727 2467 modum
750 2405 871 2467 hastae
894 2423 1010 2467 versus
1034 2403 1203 2467 orientem
1225 2402 1399 2468 mittebat.

225 2491 308 2556 Post
330 2493 460 2576 pascha
482 2496 599 2556 autem
621 2492 658 2555 in
681 2492 803 2556 diebus
825 2491 1045 2575 rogationum
1074 2512 1145 2555 non
1174 2510 1236 2574 per
1258 2490 1400 2554 Italiam

225 2580 346 2658 solum,
377 2582 438 2644 sed
467 2581 537 2645 iam
565 2601 627 2664 per
648 2583 765 2644 totum
785 2601 933 2665 regnum
955 2580 1059 2644 stella
1082 2584 1217 2644 cometa
1239 2579 1400 2662 apparuit

225 2673 261 2733 et
276 2690 337 2754 per
353 2671 613 2752 quatuordecim
628 2669 724 2734 dies⁹
746 2690 872 2754 magno
895 2669 1062 2733 miraculo
1086 2668 1303 2733 intuentibus
1318 2667 1399 2730 1616.

226 2756 359 2836 Quibus
382 2759 503 2824 diebus
525 2779 585 2823 rex
607 2759 677 2822 iam
692 2759 778 2824 6666
794 2757 909 2842 coepit
930 2758 1107 2834 infirmari,
1131 2761 1173 2821 ut
1195 2757 1333 2840 penitus
1356 2757 1400 2820 dc

226 2866 267 2910 eo
287 2848 527 2931 desperassent
541 2848 668 2912 medici
690 2851 726 2912 ct
749 2848 890 2929 quidam
911 2847 1107 2931 principum
1130 2866 1190 2929 spe
1213 2849 1249 2909 et
1273 2845 1401 2929 cupidi·

225 2937 300 2999 tate
329 2936 399 2999 iam
427 2940 653 3019 occupassent
683 2936 808 3000 solium
836 2936 936 3018 regni
946 2934 982 2997 ¹⁰.
1030 2935 1098 2999 Sed
1128 2938 1253 3017 agente
1284 2935 1400 2998 divina

226 3090 249 3138 a)
263 3089 368 3130 Balorlac
381 3100 401 3138 c.
452 3089 477 3141 b)
490 3090 601 3130 Ruotlrerl
615 3091 720 3132 86616661.
774 3091 795 3138 6)
808 3090 928 3139 1163616616
942 3090 1026 3132 Statua
1080 3087 1104 3137 6)
1118 3089 1142 3128 16
1156 3087 1224 3138 spira
1236 3088 1321 3131 866166.

227 3212 254 3280 1)
276 3213 317 3263 Dc
335 3213 482 3264 Gumhcrii
504 3216 600 3265 itincre
621 3229 653 3265 ac
675 3219 759 3266 morte
782 3220 807 3266 ct
829 3213 989 3267 Lcmbcrtas
1012 3220 1037 3265 et
1060 3214 1209 3265 Marianus
1232 3219 1329 3280 ayant,
1356 3213 1402 3264 666

225 3285 317 3336 minuc
340 3291 471 3352 6666666,
496 3301 577 3352 qaam
601 3284 746 3336 monachus
769 3285 934 3340 Altctcncis.
1024 3284 1052 3352 2)
1073 3283 1260 3338 Viccdomnns
1282 3281 1400 3350 Mogon-

225 3354 299 3406 tinns
323 3355 491 3410 Lambatuc.
580 3355 608 3423 3)
632 3356 674 3420 Cf.
699 3355 880 3410 Lcmdcrtum.
975 3355 1004 3422 4)
1025 3357 1090 3407 Vide
1108 3356 1210 3409 Amal.
1228 3355 1402 3419 6666666666

225 3426 289 3492 (SS.
316 3426 378 3493 ΙΙΙ,
404 3445 433 3494 p.
454 3428 519 3492 128)
545 3434 570 3480 ct
596 3427 782 3492 Naroaqium
807 3426 1033 3492 Waltcnburymcc
1060 3426 1197 3492 (Bdbmcr,
1225 3426 1322 3476 Fontes
1348 3425 1400 3492 IV,

222 3515 252 3564 p.
270 3498 352 3561 571),·
376 3499 411 3562 cf.
430 3499 568 3564 66666166,
595 3497 785 3550 ‘Jahrbocher’
803 3497 827 3563 Ι,
843 3516 873 3565 p.
891 3499 951 3552 127.
970 3500 1031 3552 128.
1054 3504 1079 3550 ct
1097 3498 1188 3562 Meyer
1204 3511 1255 3548 con
1272 3496 1400 3561 Knomu,

227 3568 417 3620 ‘Jclrcahest
434 3569 459 3636 I,
482 3587 511 3637 p.
529 3571 592 3635 481,
617 3586 644 3624 n.
663 3571 723 3624 170.
813 3568 841 3635 5)
866 3568 908 3633 Cf.
926 3570 1088 3621 Auctarium
1105 3567 1276 3621 Elcloehcrdi.
1316 3567 1402 3631 Wolf·

224 3653 321 3690 ramus
348 3640 404 3704 fuit
430 3641 512 3692 66566
538 3641 696 3692 monaster-ii
723 3639 833 3692 0666665
863 3641 894 3690 ia
921 3639 1080 3704 Corimbrc,
1112 3638 1202 3705 666116
1229 3639 1345 3690 occurrit
1371 3639 1402 3689 in

225 3710 402 3762 dsctrumcntc
419 3727 437 3762 a
457 3711 610 3763 Gebchcrdo
634 3711 830 3779 archiepiscopo
847 3710 1049 3775 Salicburqcnsi
1072 3710 1195 3775 61601616
1217 3715 1242 3761 ct
1265 3710 1297 3760 in
1321 3709 1399 3775 libro,

225 3781 271 3831 cci
286 3781 383 3832 titulus
399 3787 454 3832 cst:
471 3783 568 3834 Annus
579 3783 738 3835 millesimus
747 3783 905 3834 mosterii
916 3782 1086 3848 Ossiaccncic,
1102 3798 1132 3847 p.
1145 3782 1188 3835 60.
1204 3781 1278 3847 typis
1288 3780 1401 3833 reddito.

226 3850 254 3917 6)
271 3850 314 3915 Of.
326 3851 499 3904 Lamberwm
515 3870 542 3907 a.
553 3855 631 3908 1063.
687 3854 713 3920 7)
734 3854 876 3906 Goclcra'oc
893 3870 912 3904 a
929 3869 990 3919 rcpc
1007 3852 1099 3904 natale
1111 3851 1217 3903 marim
1232 3857 1321 3902 actum
1338 3865 1400 3916 esce,

224 3921 386 3974 Lcmbcnuc
408 3924 501 3988 refert.
537 3924 589 3976 Sed
612 3941 671 3976 cum
695 3925 775 3976 161116
799 3927 868 3976 anni
890 3940 941 3977 rca-
963 3924 1101 3976 66666661
1123 3923 1296 3974 Τνίόιιήοηεί
1318 3922 1402 3972 inter-

225 3993 319 4059 fuerit,
344 3993 411 4058 fidcs
434 3995 577 4046 amulium
599 4002 754 4048 nostrornm
773 4001 915 4062 praestare
932 3995 1045 4048 videtur.
1135 3993 1164 4060 8)
1181 3991 1301 4045 Traiecti
1318 3992 1402 4043 Lom-

226 4064 316 4115 bcrtus
331 4070 356 4115 ct
373 4064 545 4120 Bmtcldus.
582 4066 624 4130 Of.
642 4066 680 4120 H.
698 4067 836 4132 Broccho,
858 4065 1048 4118 ‘Jahrcahest
1071 4064 1112 4132 ΙΙ,
1134 4083 1164 4133 p.
1182 4065 1244 4119 429.
1268 4069 1292 4114 et
1309 4063 1402 4128 Meyer

224 4150 276 4186 con
292 4135 420 4201 Knonou,
442 4136 632 4188 ‘Jahrccchefl
650 4137 674 4204 Ι,
695 4155 724 4205 p.
743 4139 805 4203 498,
824 4153 852 4191 n.
865 4138 908 4192 15.
998 4131 1401 4204 0)Ρ6ι·6666661·6661611666

225 4207 320 4258 noctes
333 4205 476 4258 continuas
492 4207 659 4262 Lcmbcnur.
687 4208 729 4273 Cf.
742 4209 833 4274 Meyer
844 4223 893 4260 666
904 4208 1032 4273 Knoncu,
1047 4206 1238 4259 ‘Jahrcahc‘
1255 4205 1279 4270 Ι,
1297 4221 1325 4271 p.
1338 4205 1400 4270 524,

225 4291 253 4330 n.
265 4278 309 4331 56.
382 4277 427 4344 10)
443 4275 506 4330 Rex
524 4319 531 4332 .
552 4318 558 4332 .
578 4317 585 4331 .
602 4277 790 4347 gravissimam
807 4276 1007 4347 aegritudinem
1025 4276 1129 4342 incidit,
1148 4276 1187 4328 its
1204 4272 1401 4327 6666661616

224 4344 418 4474 {qspmqmrsirzur
434 4350 463 4401 66
480 4347 618 4417 principes
636 4348 672 4402 de
689 4349 768 4419 regni
786 4349 956 4403 successione
975 4347 1087 4402 66661116
1103 4346 1228 4402 conferre
1240 4344 1401 4414 coepissent,
