3270 5028
404 463 584 554 manens
602 497 856 554 nncnuuusns
874 497 1057 556 marcens.
1093 498 1129 555 s.
1144 500 1221 556 1045.
1365 503 1401 556 se

227 683 284 759 cit,
309 681 447 766 penitus
469 681 607 746 delerit.
646 681 690 744 Id
712 681 825 765 ipsum
840 700 976 764 quoque
991 680 1153 764 reliquis1
1167 681 1243 746 Deo
1258 682 1400 747 iurante

226 771 377 848 fecisset,
408 771 437 834 si
465 791 537 834 ncn
565 769 658 834 fame
688 769 807 854 populi
834 770 1028 854 prohibitus
1050 769 1184 847 fuisset,
1216 790 1304 853 qnae
1326 774 1401 834 tam

226 859 343 923 valida
372 862 446 923 erat
475 877 537 942 per
564 861 679 922 totum
708 877 854 941 regnum
883 859 1037 923 eiusdem
1066 859 1150 922 anni
1176 860 1399 943 temporibus,

227 951 267 1011 ut
300 949 448 1030 grandes
482 947 549 1021 vici
583 946 738 1030 plerique
771 947 871 1010 vacui
905 951 1139 1024 remanerent,
1174 948 1400 1030 pereuntibus

228 1034 483 1100 habitatoribus
493 1036 515 1098 ².
561 1035 687 1117 Itaque
709 1034 840 1100 relictis
863 1033 913 1098 ibi
936 1035 1125 1118 praesidiis,
1149 1037 1208 1117 qui
1226 1035 1329 1100 urbes
1345 1035 1467 1100 obers.

228 1125 379 1189 siderent
409 1128 444 1189 et
473 1126 590 1189 hostes
621 1123 674 1187 ab.
695 1124 835 1207 incepta
863 1124 1057 1188 vastatione
1087 1123 1307 1205 cohiberent,
1328 1125 1401 1208 ipse

226 1214 308 1278 inde
346 1213 541 1297 Augustam
583 1212 695 1289 venit,
741 1212 803 1276 nbi
840 1211 1147 1294 Langobardorum
1193 1216 1402 1277 conventum
1411 1232 1516 1275 sesan.

226 1301 351 1365 habuit
381 1305 417 1366 et
447 1321 525 1364 cum
555 1302 604 1366 eis
631 1302 695 1365 dea
721 1300 816 1364 illius
838 1301 937 1384 regni
960 1299 1177 1365 ordinatione
1201 1301 1369 1385 disposuit
1378 1301 1400 1363 ³.

227 1390 315 1454 Inde
338 1390 532 1472 lbisingam
554 1389 721 1473 pervenit,
752 1388 802 1452 ibi
825 1389 1107 1471 quadragesimae
1131 1389 1278 1472 primam
1302 1373 1543 1472 abdo-ffifflf‘

226 1478 366 1542 medam
394 1478 538 1562 peregit,
570 1497 677 1560 eoque
707 1476 797 1559 regis
821 1478 875 1540 sui
898 1477 993 1540 Petri
1015 1476 1182 1560 Ungarici
1204 1478 1323 1541 nuncii
1348 1479 1402 1542 de

227 1569 406 1644 venerunt,
430 1566 490 1649 qni
512 1566 635 1650 ipsum,
659 1569 700 1628 nt
723 1566 876 1649 proximo
899 1567 1098 1649 pentecoste
1113 1566 1159 1629 ad
1175 1566 1287 1629 filium
1301 1577 1401 1629 suum

227 1656 344 1720 venire
367 1659 403 1720 ct
425 1657 517 1719 idem
539 1655 670 1719 festum
693 1675 772 1718 cum
793 1673 833 1718 eo
848 1654 1051 1736 dignaretur
1064 1653 1190 1731 facere,
1214 1654 1400 1738 petierunt.

227 1743 363 1808 Dehinc
398 1737 474 1808 dieb
509 1743 702 1828 palmarum
735 1743 773 1806 in
808 1742 1035 1824 Babenberga
1068 1747 1201 1806 ramos⁰
1240 1742 1401 1806 arborum
1411 1763 1517 1808 aaran.

227 1833 377 1897 Domino
400 1834 552 1917 portavit
560 1832 582 1910 4,
613 1833 743 1917 paseha
765 1826 823 1894 in‘l
843 1829 979 1895 Goslari
1001 1831 1097 1913 regia
1120 1830 1205 1896 villa
1226 1826 1510 1909 feriavitdmpnur.

227 1923 350 2004 dieque
385 1925 504 1986 sancto
538 1922 685 1985 tradidit
720 1919 841 1997 Otoni,
881 1919 953 1984 filio
988 1921 1111 1984 sororis
1144 1921 1244 1985 tercii
1279 1918 1401 1984 Otonis

226 2011 351 2092 regis0,
374 2011 602 2076 Alamanniae
619 2011 785 2073 ducatum
793 2008 814 2087 ὅ,
839 2008 975 2073 Ebbcni
995 2009 1173 2093 capellano
1190 2029 1252 2073 suo
1267 2009 1401 2074 Niwen-

226 2099 433 2182 burgensem
457 2100 693 2182 episcopatum
702 2098 724 2158 ⁶.
772 2097 839 2161 Sed
863 2100 898 2161 et
922 2097 1033 2161 filiurn
1055 2098 1226 2162 Baldwini
1253 2098 1402 2163 militem

227 2207 287 2270 per
309 2208 432 2251 manus
456 2187 590 2269 accepit
616 2185 737 2267 illique
760 2185 959 2248 marcham⁷
981 2205 1063 2250 suae
1085 2190 1198 2250 terrae
1222 2187 1401 2250 contermi-

226 2295 317 2352 nam,
342 2295 404 2358 prc
427 2295 496 2357 qua
519 2273 721 2338 Gctefridus
745 2273 981 2349 contenderat,
1006 2273 1112 2337 dedit.
1158 2273 1294 2337 Dehinc
1319 2278 1400 2338 ante

228 2363 300 2426 dies
323 2363 543 2445 rogationum
566 2362 706 2425 veniens
729 2360 972 2443 Radispcnam,
1001 2360 1139 2442 navigio
1168 2362 1330 2426 decenter
1352 2364 1400 2425 in·
1410 2383 1462 2426 nar.
1470 2382 1557 2424 12-14.

228 2454 360 2514 structo
383 2451 533 2534 perrexit
548 2449 765 2526 Bathaviam,
789 2448 840 2512 ibi
863 2448 1096 2512 ascensionem
1110 2468 1276 2514 venerans
1297 2451 1503 2514 domi-nnnc.

227 2539 358 2615 nicam;
388 2538 471 2602 inde
499 2557 639 2603 movens
670 2539 777 2602 citato
808 2557 911 2602 cursu
939 2537 1130 2621 pertendit,
1161 2558 1229 2620 quo
1258 2542 1400 2602 vocatus

228 2631 311 2702 erut,
329 2627 529 2710 Ungariam.
576 2627 620 2690 In
639 2628 759 2692 ecdem
781 2627 906 2691 itinere
928 2629 1085 2690 tentatus
1108 2630 1161 2691 est
1184 2627 1281 2691 clade
1304 2627 1400 2691 mise·

227 2715 329 2780 rabili
360 2719 396 2780 et
425 2737 496 2780 non
526 2715 637 2780 solum
666 2715 844 2800 perpessis
876 2707 957 2779 sedf
984 2718 1020 2780 et
1043 2716 1202 2780 omnibus
1230 2717 1400 2780 audituris

226 2804 327 2870 valde
350 2805 566 2869 lacrimabili.
612 2804 704 2868 Nam
733 2806 817 2868 dum
845 2824 906 2888 per
937 2824 1046 2886 aquae
1076 2805 1276 2888 periculum,
1307 2806 1400 2887 quod
1451 2849 1453 2854 .

226 2891 425 2958 Poienstein
441 2893 596 2971 dicitur8,
621 2893 848 2976 proficiscitur
864 2896 900 2957 et
916 2893 1094 2976 episcopus
1105 2893 1399 2976 Wirzeburgensis

226 2980 333 3054 Brun,
359 2985 526 3064 cognatus
542 2983 625 3058 eius,
649 2982 763 3065 ipsum
785 3001 848 3044 sua
870 3001 958 3046 nave
981 2981 1282 3064 subsequereturss,
1306 3002 1400 3066 prae-

226 3069 281 3132 sul
310 3069 403 3133 idem
432 3071 469 3133 in
498 3071 709 3153 praescripto
739 3090 820 3133 saxo
842 3063 1087 3133 fantasticamh
1114 3071 1289 3134 daemonis
1312 3071 1401 3134 vidit

225 3157 412 3240 imaginem
424 3177 567 3241 eamque
584 3156 648 3221 sibi
664 3158 863 3240 loquentem
876 3157 1021 3221 audivit:
1041 3157 1227 3243 ‘Episcope
1244 3179 1311 3242 quo
1327 3180 1400 3243 pro-

226 3245 396 3322 ficisceris,
428 3267 525 3311 meae
555 3247 737 3331 potestatis
761 3266 796 3310 es
821 3249 856 3311 et
880 3246 955 3324 eris,
987 3247 1046 3329 qui
1073 3268 1280 3331 quamquam
1307 3267 1400 3311 nunc

225 3334 291 3398 tibi
313 3335 403 3398 nihil
427 3355 501 3418 ago,
526 3337 563 3399 in
586 3335 743 3398 futurum
765 3338 884 3399 tamen
907 3334 1074 3400 obviabo’.
1109 3336 1166 3400 Ad
1188 3337 1273 3401 haec
1296 3336 1402 3401 verba

227 3425 432 3489 constrictus
450 3425 623 3508 pontificis
640 3424 826 3488 exorcismo
842 3424 1010 3488 conticuit
1033 3428 1069 3489 et
1093 3425 1234 3490 evanuit
1249 3426 1399 3500 omnine,
1493 3470 1497 3477 ·

226 3513 287 3576 sed
316 3513 471 3595 quamvis
501 3532 635 3596 semper
662 3513 811 3576 mendax
839 3512 955 3591 fuerit,
986 3514 1052 3577 hac
1081 3517 1199 3578 tamen
1226 3514 1301 3578 vice
1329 3533 1400 3576 non

226 3619 268 3663 ex
289 3604 366 3665 toto
380 3599 521 3666 fefellit.
568 3601 707 3665 Etenim
730 3620 809 3664 cum
831 3621 892 3666 rex
914 3603 1009 3665 haud
1032 3602 1153 3685 procul
1175 3603 1255 3666 inde
1279 3601 1399 3666 invita-

225 3691 283 3752 tus
318 3692 354 3753 et
388 3691 509 3754 intime
543 3692 684 3773 rogatus
717 3689 913 3755 divertisset
943 3692 987 3754 ad
1017 3689 1272 3772 Persinbiugun
1281 3690 1303 3767 ⁹,
1338 3691 1399 3755 ubi

227 3823 250 3874 a)
264 3822 348 3864 eisdem
363 3836 380 3868 r.
395 3827 409 3868 i.
424 3824 589 3866 ordinationem
603 3827 759 3876 Statumae,
774 3830 798 3865 ut
808 3827 894 3875 opinor,
907 3825 972 3868 IL-E'.
1026 3826 1049 3877 b)
1059 3823 1081 3870 d.
1092 3837 1159 3869 cmc.
1213 3825 1401 3878 ambutemus

227 3888 315 3917 ramosa
333 3889 350 3921 c.
418 3877 442 3930 d)
460 3879 484 3918 ln
499 3881 546 3922 ets,
566 3891 606 3922 om.
624 3881 648 3918 in
667 3891 684 3924 c.
757 3882 778 3927 e)
796 3880 855 3929 regis
873 3891 979 3928 superscr.
996 3881 1020 3919 in
1038 3891 1055 3923 c,
1125 3879 1143 3931 f)
1160 3877 1201 3919 scd
1218 3889 1325 3928 asperecr.
1342 3881 1366 3918 in
1383 3892 1401 3923 e,

226 3929 249 3982 g)
262 3931 293 3969 etc
308 3941 337 3978 c.,·
356 3932 400 3978 layo
414 3932 565 3981 subsequitur.
584 3933 650 3976 H.·E.
704 3931 729 3986 h)
743 3933 877 3973 fenisecium
890 3944 907 3975 c.

227 4037 254 4104 1)
271 4037 312 4089 Sc.
331 4037 450 4091 urano.
531 4037 559 4105 2)
577 4039 619 4103 Cf.
637 4039 741 4094 Herim.
760 4040 832 4105 Aug.
850 4040 887 4090 ad
904 4055 1006 4091 anuum
1025 4039 1103 4093 1044
1184 4038 1212 4105 3)
1230 4040 1272 4104 Cf.
1291 4039 1416 4108 stumpf·

225 4111 361 4163 anano.
374 4110 454 4162 2271.
525 4110 553 4176 4)
574 4110 615 4174 Cf.
628 4110 743 4178 Stumpf
753 4127 798 4164 nr.
811 4112 890 4166 2275.
961 4111 989 4175 5)
1003 4110 1044 4174 Cf.
1057 4109 1161 4162 Herem.
1174 4111 1245 4176 Aug.
1318 4111 1399 4177 6)c'f.

225 4180 410 4233 Lamtmum..
503 4179 530 4246 7)
551 4181 718 4248 Antwcrpcn.
751 4181 816 4233 Vide
840 4181 1010 4245 mechmas,
1032 4181 1202 4233 ‘Kaiscrzeit'
1227 4181 1267 4247 II,
1290 4198 1319 4249 p.
1338 4183 1399 4236 662.

224 4251 253 4317 8)
277 4251 318 4314 Cf.
343 4248 476 4318 Poglcam
500 4249 623 4302 caribdin
648 4252 722 4318 apud
745 4252 900 4304 Arnoldum
924 4252 955 4302 dc
980 4251 1008 4305 S.
1032 4252 1231 4304 Ernnwrammo
1258 4251 1320 4318 (SS.
1346 4253 1398 4318 IV,

222 4338 251 4388 p.
264 4322 338 4386 547).
376 4321 450 4374 Suco
467 4321 513 4372 illc·
529 4322 608 4385 infra
622 4322 706 4373 Greia
723 4324 775 4374 etto
794 4323 882 4374 turris
898 4323 1030 4388 piendam
1048 4325 1174 4389 c'nrposito
1191 4329 1258 4390 crat,
1282 4323 1400 4388 Teufcle·

225 4391 317 4443 thurm
334 4399 497 4459 nuncupata.
533 4393 617 4444 Iustu
641 4399 704 4444 suut
727 4394 837 4444 vertices
853 4393 983 4460 Danubii,
1007 4395 1056 4460 qui
1072 4394 1183 4446 Studet
1199 4401 1399 4462 nuncupantur.

226 4462 268 4526 Of.
281 4463 407 4514 Aventini
418 4464 539 4516 Annales
557 4464 653 4515 ducum
671 4463 800 4516 Rotariae
817 4464 846 4531 V,
862 4466 877 4518 7
896 4464 1091 4530 (‘Sdmmtlc'cbe
1105 4465 1208 4518 Wcrlce’
1226 4465 1281 4532 III,
1298 4483 1328 4533 p.
1341 4467 1398 4530 58).

226 4531 253 4600 9)
269 4533 431 4600 Perecnbcup
448 4535 486 4586 od
503 4535 667 4588 Danubium.
