3268 5036
127 1443 215 1490 rura.
318 1381 500 1485 *Aduates
515 1419 704 1483 Attabeuses
719 1418 864 1500 maiores,
882 1425 1052 1500 postauam
1070 1419 1204 1501 tripiuto
1218 1419 1286 1498 fere
1301 1418 1400 1483 auuis

224 1508 339 1572 abbiuo
369 1528 482 1572 uomeu
510 1529 618 1572 eorum
646 1509 686 1570 ob
716 1506 869 1571 obtioioue
891 1507 1053 1572 oiudioooi
1074 1507 1314 1589 fropmeutoaue
1338 1506 1398 1571 dis-

217 1618 318 1678 persa
346 1595 507 1678 simputari
536 1595 682 1678 opusouto
712 1594 855 1677 oottipere
885 1601 1015 1660 oouatus
1044 1617 1114 1660 sum
1124 1596 1144 1676 1,
1174 1595 1259 1660 iuter
1274 1595 1398 1676 praeei-

217 1706 301 1766 puos
330 1684 427 1749 medii
456 1683 526 1749 aeui
555 1684 658 1763 foutes
681 1705 702 1748 a
724 1683 805 1747 oiris
835 1683 1023 1748 doctissimis
1052 1683 1162 1748 merito
1191 1684 1396 1748 babebautur.

229 1775 435 1854 Quamobrem
463 1772 538 1852 lteri
567 1793 632 1836 uou
654 1771 775 1853 potuit,
812 1771 889 1853 quia
922 1792 999 1853 opus
1028 1771 1111 1836 ittud
1138 1771 1311 1854 eprepium,
1347 1771 1399 1836 oui

226 1861 431 1943 Staiudetius,
448 1861 636 1942 Aoeutiuus,
655 1861 850 1925 Bruuuerus
873 1867 916 1924 tot
938 1867 967 1924 et
989 1867 1096 1924 tautas
1118 1882 1169 1924 res
1190 1859 1399 1942 probissimus

225 1953 262 2014 de
290 1950 437 2015 Gourado
461 1950 513 2031 II,
538 1949 693 2014 Heiurioo
710 1950 785 2012 ΠΙ.
810 1955 839 2013 et
862 1949 928 2014 IV.
952 1948 1194 2030 imperatoribus
1217 1950 1396 2030 debueraut,

178 2094 185 2103 ι
223 2039 337 2119 ubique
360 2059 479 2102 summo
503 2059 572 2102 oum
594 2037 698 2103 studio
720 2044 933 2119 quaereretur.
981 2038 1046 2102 Sed
1073 2037 1175 2102 omuis
1203 2037 1263 2101 itia
1293 2058 1396 2118 opera,

217 2128 303 2208 prob
333 2127 441 2191 dotort
474 2126 511 2191 iu
540 2126 670 2190 irritum
700 2125 818 2190 oeoidit.
875 2127 1044 2206 Nusquam
1078 2125 1162 2190 euim
1196 2125 1398 2207 orobetppmu

224 2215 405 2279 Aumatium
427 2214 651 2279 Attabousium
672 2214 720 2277 oet
742 2214 915 2294 exemptum
941 2213 1072 2293 aliquod
1092 2235 1130 2277 eoo
1153 2234 1187 2277 eo
1210 2213 1398 2294 desumptum

225 2311 382 2384 repertum
411 2309 464 2384 est,
495 2309 530 2366 ut
559 2302 691 2383 deuiaue
714 2302 814 2382 ptaue
839 2303 1069 2382 desperoudum
1091 2300 1257 2382 uideretur,
1282 2301 1398 2366 tibrum

225 2391 316 2454 illum
331 2393 408 2455 adeo
425 2391 636 2455 desideratum
650 2410 792 2471 uuquam
814 2411 927 2454 rursus
950 2389 986 2454 iu
1010 2390 1108 2454 tuoem
1124 2395 1323 2470 protractum
1341 2389 1396 2453 iri.

253 2527 255 2530 -
334 2478 447 2543 Nihilo
469 2485 575 2544 tameu
596 2479 698 2544 seoius
721 2478 875 2543 obstiuato
905 2477 1012 2542 auimo
1035 2477 1072 2542 iu
1096 2477 1242 2560 opiuioue
1258 2498 1398 2558 perseue-

225 2569 346 2648 rabam,
371 2568 506 2632 aumates
528 2567 600 2632 iilos
622 2567 717 2631 etiam
740 2589 825 2632 uuus
848 2588 912 2631 esse
935 2573 1083 2631 seruatos.

333 2658 421 2720 Nam
450 2662 638 2738 oompertum
667 2656 833 2737 babebam,
864 2655 1019 2720 Aoeutiui
1049 2654 1244 2720 oobteotoueis
1276 2654 1398 2735 quibus·

225 2747 307 2826 (taur,
338 2766 418 2826 quae
447 2744 484 2809 iu
511 2744 701 2809 mouosterio
724 2745 895 2809 Attabeusi
916 2744 1071 2824 iuferiore
1094 2766 1181 2808 auuo
1207 2749 1308 2806 1517..
1332 2743 1399 2825 ipse

224 2833 286 2897 sibi
315 2834 501 2914 ooufeoerat,
533 2833 628 2897 etiam
657 2833 804 2897 extremis
831 2833 928 2919 amuis
956 2832 1074 2897 soeeuti
1096 2831 1270 2914 superioris
1292 2833 1399 2917 Frau-

225 2921 341 2986 oiseum
368 2923 469 3003 Tb'pst,
501 2921 655 2986 oououiae
683 2921 897 3003 Pottiupeusis
920 2921 1147 3002 praepositum,
1177 2942 1270 2985 usum
1299 2920 1399 2999 fuisse

225 3016 254 3072 et
275 3010 412 3074 iudioem
434 3031 541 3074 eorum
564 3010 731 3091 ditipeuter
754 3010 968 3091 composuisse,
993 3029 1083 3090 quem
1105 3009 1260 3074 Aretiuus
1276 3009 1400 3090 publici

225 3097 308 3161 iuris
331 3098 436 3177 feeit2.
485 3099 594 3179 Neque
617 3119 689 3162 oero
713 3119 751 3162 eoo
773 3098 857 3162 uotis
879 3098 975 3162 buius
997 3097 1115 3163 iudicis
1144 3097 1286 3162 debitori
1305 3118 1400 3178 posse

225 3186 305 3249 ruibi
339 3186 512 3267 uidebatur,
548 3186 626 3267 quiu
658 3186 837 3251 Aoeutiuus
871 3187 908 3251 iu
941 3187 1037 3250 istam
1069 3186 1272 3268 farrapiuem
1305 3185 1400 3250 etiam

226 3276 372 3340 Auuates
395 3275 584 3339 Abtabeuses
606 3275 655 3339 oet
676 3274 815 3357 iutepros
841 3276 890 3339 oet
913 3281 992 3340 oerte
1014 3274 1157 3339 mauimo
1179 3296 1217 3338 ea
1233 3279 1329 3354 parte
1352 3276 1400 3338 de-

226 3363 358 3445 soriptos
380 3363 552 3445 reoepisset.
600 3364 775 3444 Sperabam
796 3363 905 3445 ipitur,
929 3364 998 3442 fore
1021 3370 1056 3428 ut
1078 3385 1116 3428 ea
1139 3363 1189 3427 bis
1205 3361 1398 3428 ootteotaueis

227 3453 361 3516 ouuates
394 3452 445 3516 itti
480 3452 634 3533 deperditi
667 3451 757 3517 mobis
791 3454 1006 3534 redderemur,
1047 3473 1116 3516 oum
1150 3450 1284 3516 oodioem
1318 3451 1400 3514 tamti

220 3539 329 3621 pretii,
354 3540 479 3604 etiamsi
501 3542 547 3605 ad
567 3546 686 3622 tempus
709 3540 857 3621 latitaret,
889 3546 1000 3604 uostra
1027 3547 1127 3604 aetate
1149 3537 1331 3604 iuoredibiti
1352 3538 1400 3603 iu·

228 3628 319 3691 ouria
335 3628 471 3709 periisse
493 3628 548 3692 oia
570 3627 650 3692 mibi
666 3631 902 3709 persuaderem.
950 3630 1060 3709 Neque
1075 3650 1113 3693 ea
1127 3649 1197 3708 spes
1211 3647 1259 3691 me
1274 3626 1398 3705 fefellit.

228 3715 341 3780 Meuse
364 3717 449 3781 euim
471 3717 651 3782 Februario
674 3716 769 3781 buius
792 3716 873 3781 ouui
896 3717 1087 3781 Edmuudus
1102 3717 1141 3779 L.
1158 3715 1201 3779 B.
1225 3717 1265 3779 ab
1286 3715 1398 3795 Oefebo‚

228 3803 352 3868 iuoeuis
374 3805 488 3870 studiis
511 3804 671 3870 bistoriois
700 3804 780 3869 mibi
802 3804 1086 3886 oouiuuotissimus‚
1118 3804 1197 3868 boeto
1226 3803 1314 3866 oubtu
1343 3805 1400 3868 oot-

228 3892 368 3957 teotouoa
383 3892 441 3956 itta
456 3892 648 3957 Attobeusiu
663 3893 818 3958 Aueutiui
840 3893 920 3957 mibi
942 3891 1056 3973 attulit,
1081 3913 1160 3973 quae
1183 3891 1219 3956 iu
1242 3899 1399 3973 apparatu

221 3980 340 4062 proavi
368 3981 428 4062 sui,
460 3981 632 4046 durissimi
660 3983 749 4047 itlius
778 3981 908 4047 editoris
932 3981 1129 4062 Sorr'ptorum
1156 4001 1263 4045 rerum
1285 3980 1405 4066 Boiod-v

227 4091 308 4150 rum,
338 4065 477 4147 fortuua'
495 4063 657 4135 arrideute
679 4077 846 4153 repererat.
893 4071 984 4150 More,
1010 4069 1125 4134 tibrum
1147 4069 1239 4134 aride
1254 4090 1400 4150 persoru-
1464 4137 1467 4144 ,

229 4278 254 4344 1)
281 4280 401 4331 Auuales
428 4280 599 4345 Attobeuses,
632 4297 682 4332 aus
709 4281 887 4346 Frapmeutm
913 4280 970 4330 aad
997 4279 1145 4346 Exierpteu
1176 4278 1326 4343 berpestetlt
1352 4293 1401 4330 oou

229 4350 595 4489 iniObffibediitTepcrmbfffflin
614 4352 691 4405 1841.
764 4351 791 4417 2)
804 4351 945 4416 ‘Boytrttpo
956 4366 1008 4400 eur
1021 4349 1171 4402 Gooobtobte
1188 4365 1215 4403 u.
1228 4349 1399 4400 Litteratur’.
