3270 5028
262 465 297 519 82
439 459 619 516 ANNALES
638 458 892 514 ALTAHENSES
911 457 1092 513 MAIORES.
1129 459 1165 516 Α.
1180 463 1257 517 1071.

262 645 376 726 gasset
407 643 564 707 servituti
594 662 685 720 suae,
717 642 809 724 quod
837 640 974 704 nullum
1002 660 1257 724 praecessorum
1284 663 1437 726 unquam

262 732 420 796 audierat
442 731 576 796 iecisse.

370 819 446 883 Hoc
475 840 566 884 anno
589 819 865 902 archiepiscopus
888 818 1179 883 Mediolanensis1
1202 820 1437 902 episcopatum

263 911 385 992 sponte
415 928 478 972 sua
508 908 660 972 dimisit⁸
687 910 723 972 et
752 906 993 970 monachicum
1022 907 1183 970 habitum
1213 909 1437 972 conversatio·

262 1016 409 1079 nemque
433 996 628 1080 assumpsit.
673 996 756 1059 Mox
784 995 892 1078 igitur
920 995 1061 1077 quidam
1088 1016 1129 1060 ex
1152 995 1307 1060 oleriois2
1329 997 1436 1080 ipsius

263 1105 325 1168 pro
348 1085 548 1168 episcopatu
568 1088 753 1167 rogaturus
776 1103 893 1166 regem
912 1084 1006 1161 adiit,
1031 1084 1127 1148 mille
1151 1084 1257 1148 libras
1280 1104 1316 1148 se
1340 1086 1436 1148 datu-

262 1194 340 1236 rum
367 1174 494 1237 iuravit
517 1177 553 1237 et
575 1173 781 1256 pontificatu
810 1174 970 1255 suscepto
998 1173 1113 1236 rediit.
1159 1173 1436 1238 Mediolanenses

178 1266 381 1330 morantem
404 1261 593 1339 audientes,
624 1262 711 1325 haec
739 1259 859 1324 taliter
889 1263 967 1324 acta
997 1280 1079 1339 esse,
1109 1260 1209 1324 nullo
1235 1263 1337 1325 modo
1362 1281 1436 1325 con-

263 1354 454 1427 senserunt,
478 1349 579 1413 illum
601 1348 687 1413 urbe
706 1349 868 1432 recipere.
914 1347 1110 1414 Alexander
1133 1353 1250 1413 autem
1273 1369 1372 1433 papa,
1396 1354 1437 1413 ut

261 1439 349 1503 haec
372 1439 523 1522 agnovit,
547 1442 711 1521 utrosque
733 1437 813 1502 illos
829 1438 1145 1515 anathematizavit,
1170 1437 1271 1501 illum
1287 1438 1435 1519 quidem,

262 1527 344 1608 quia
382 1526 488 1591 semel
527 1530 724 1611 susceptum
761 1545 908 1608 regnum
945 1526 1167 1610 pontificatus
1208 1527 1366 1610 deposuit
1400 1546 1436 1591 se

261 1615 452 1693 nesciente,
488 1617 581 1680 hunc
612 1618 745 1691 autem,
781 1615 862 1697 quia
891 1616 1022 1679 seniore
1052 1635 1114 1678 suo
1142 1614 1281 1679 vivente
1311 1618 1347 1678 et
1376 1635 1437 1698 per

261 1704 410 1768 heresim
433 1705 664 1787 symoniacam
692 1704 759 1767 hoc
782 1723 885 1767 ausus
907 1701 1024 1768 fuerat
1046 1723 1212 1786 usurpare
1222 1701 1243 1764 ³.
1289 1702 1336 1766 Et
1359 1723 1437 1786 quo·

261 1792 357 1855 niam
373 1793 518 1856 adhaec
534 1793 700 1869 venimus,
724 1791 864 1868 nemini,
889 1811 1025 1873 quaes0,
1049 1792 1207 1856 odiosum
1225 1791 1280 1868 sit,
1305 1793 1436 1876 aperire

261 1900 324 1943 nos
354 1881 482 1963 paucis,
514 1880 664 1963 qualiter
693 1881 814 1944 eodem
844 1899 935 1943 anno
965 1900 1066 1963 saepe
1090 1879 1272 1943 confutata
1295 1879 1341 1942 sit
1363 1880 1437 1962 ipsa

261 1968 400 2032 heresis.
447 1968 563 2050 Igitur
585 1967 721 2052 presule
739 1960 1032 2031 (ionstantiensisb
1053 1968 1216 2032 ecclesiae
1238 1968 1434 2045 morientei,

261 2056 403 2137 quidam
425 2055 740 2121 Halberstatensis⁰
768 2057 963 2134 canonicus,
994 2056 1242 2120 Karlimannus
1265 2057 1404 2121 nomine
1415 2055 1434 2134 ⁵,

261 2145 404 2228 praedia
426 2165 488 2208 sua
505 2139 751 2229 *pecuniasque
773 2145 945 2209 inmensas
968 2145 1041 2227 regi
1064 2145 1210 2208 tradidit
1234 2147 1269 2208 et
1289 2146 1539 2216 eundemasea

261 2233 504 2316 pontificatum
533 2234 634 2312 emit,
665 2237 701 2297 et
730 2234 827 2317 quia,
858 2237 899 2296 ut
929 2233 1068 2316 quidam
1098 2233 1234 2316 sapiens
1264 2232 1351 2297 ait⁶z
1382 2231 1438 2312 qai

261 2320 407 2386 eeclesiae
429 2321 523 2386 semel
537 2341 600 2403 per
618 2320 818 2386 venalitatem
831 2319 1029 2403 subrepserit,
1053 2319 1206 2400 quamdiu
1228 2319 1328 2385 eidem
1343 2341 1436 2402 prce·
1532 2365 1534 2371 .

260 2408 369 2491 faerit,
394 2429 558 2491 uunquam
579 2408 732 2474 redimere
755 2409 894 2491 cessabit,
918 2431 997 2474 mox
1016 2413 1058 2473 ut
1075 2408 1315 2474 Constantiam
1329 2410 1434 2487 venit,

263 2498 465 2562 clericorum
499 2519 539 2563 ac
572 2498 739 2562 laicorum
773 2519 913 2577 suorum
946 2498 1115 2563 beneficia
1149 2499 1241 2582 cepit
1275 2492 1432 2563 auferre(l

262 2586 541 2670 substantiasque
576 2606 695 2650 eorum
729 2586 921 2669 publicare,
957 2586 1075 2651 volens
1111 2589 1154 2651 de
1185 2587 1288 2651 rebus
1318 2607 1436 2651 eorum

262 2677 425 2759 pecunias
447 2674 658 2756 recolligere,
690 2694 774 2757 quas
802 2675 896 2758 prius
919 2696 981 2759 pro
1005 2676 1211 2757 acquirendo
1236 2676 1436 2758 episcopatu

262 2763 444 2827 videbatur
468 2763 678 2846 expendisse.
726 2761 1010 2828 Oonstancienses
1041 2768 1166 2841 autem,
1198 2763 1263 2828 hac
1285 2763 1435 2846 perculsi

264 2850 370 2929 clade,
400 2870 618 2934 nequaquam
642 2851 819 2915 dominum
842 2852 1069 2935 apostolicum
1091 2854 1156 2916 hoc
1181 2851 1343 2929 celavere,
1375 2853 1435 2915 sed

263 2939 335 3002 eius
360 2939 527 3003 auxilium
550 2943 670 3004 contra
684 2943 892 3004 vastatorem
909 2939 1039 3004 Christi
1062 2941 1178 3004 ovium
1199 2939 1435 3023 imploravere.

263 3026 299 3090 Is
322 3047 413 3112 ergo,
437 3032 478 3091 ut
501 3029 657 3111 querelas
681 3031 716 3092 et
739 3048 856 3112 preces
880 3048 1000 3092 eorum
1021 3029 1130 3093 iustas
1154 3029 1304 3112 agnovit,
1329 3029 1435 3092 archi·

263 3116 421 3200 episcopo
444 3117 708 3200 Mogmtiensi⁷,
741 3117 837 3182 ouius
866 3119 940 3180 erat
968 3116 1216 3200 suffraganeus,
1247 3117 1434 3194 mandavit,

262 3208 303 3267 ut
332 3205 533 3270 nullatenus
562 3206 795 3289 pontificalem
825 3205 1103 3270 benedictionem
1130 3226 1151 3269 a
1174 3225 1210 3270 se
1237 3207 1434 3289 susciperet,

262 3293 330 3356 nisi
359 3294 453 3378 prius
483 3314 620 3359 causam
651 3295 723 3358 eius
753 3294 901 3358 sinodali
923 3294 1052 3359 iudicio
1075 3295 1302 3358 examinasset
1311 3294 1333 3355 ⁸.
1380 3294 1436 3357 Ad

263 3401 366 3465 quam
390 3383 495 3446 etiam
518 3383 677 3446 sinodum
696 3382 771 3446 vice
794 3403 857 3446 sua
880 3382 998 3446 adesse
1021 3383 1196 3466 praecepit
1212 3380 1436 3447 Gebhardum

263 3471 489 3536 Iuvavensem
519 3471 823 3556 archiepiscopum.
870 3470 978 3536 Facta
1007 3471 1115 3554 igitur
1144 3471 1264 3535 sinodo
1292 3474 1329 3534 et
1355 3489 1436 3553 rege

157 3585 213 3632 Aug.
221 3581 253 3624 15.
263 3559 446 3637 assidente,
471 3559 574 3622 simul
597 3559 713 3642 legato
736 3560 826 3624 sedis
850 3559 1059 3643 apostolicae
1082 3559 1276 3624 manifestis
1300 3559 1436 3623 indiciis

263 3757 286 3810 a)
299 3754 365 3796 suedi
378 3757 440 3797 misit
453 3769 470 3800 c.
524 3757 735 3807 emmerentianae
749 3769 767 3802 c.
820 3757 1048 3809 emmeramensis
1062 3768 1079 3800 c.
1133 3755 1158 3809 d)
1171 3757 1270 3797 aufferre
1283 3769 1301 3800 c.

263 3925 289 3992 1)
309 3926 405 3979 Gaido.
491 3926 519 3993 2)
538 3925 711 3991 Godefredus.
801 3925 828 3992 3)
846 3926 888 3990 Cf.
907 3925 1019 3991 Arnulfi
1039 3926 1118 3978 Gesta
1136 3925 1272 3994 arcbrbpp.
1291 3925 1436 3978 Mediolan.

262 3996 317 4062 111,
337 4011 358 4051 c.
377 3999 421 4051 22.
440 4003 464 4048 et
481 3997 656 4049 Boritbonem
677 4014 706 4063 p.
725 3998 787 4051 598.
805 3998 866 4051 599.
903 3996 973 4048 Nori
994 3996 1121 4048 nonnihil
1136 3997 1225 4048 nostri
1241 3996 1355 4047 asnebec
1371 3995 1437 4059 affe·

262 4073 335 4122 ruat.
407 4067 435 4134 4)
452 4067 611 4133 Romealdo,
631 4069 679 4134 qai
695 4082 768 4119 anno
781 4069 859 4122 1069.
878 4067 920 4118 die
937 4068 963 4121 4.
982 4067 1022 4118 ecl
1039 4069 1065 4122 5.
1081 4067 1235 4119 Novembris
1253 4068 1311 4132 fato
1328 4068 1437 4130 stractus

262 4145 328 4192 erat.
418 4138 446 4206 ὅ)
468 4137 588 4190 Karolus
612 4139 755 4190 Lamberto
779 4138 897 4193 alote.
912 4139 989 4192 1071.
1080 4139 1107 4204 6)
1131 4138 1232 4204 Nescio,
1258 4138 1334 4188 euius
1358 4135 1437 4188 cerba

262 4212 378 4276 scriptor
402 4209 446 4260 bic
469 4209 566 4264 lauda.
602 4209 720 4276 Propius
744 4215 832 4262 tamen
856 4209 981 4260 madent
1004 4209 1042 4259 ed
1064 4211 1220 4260 sententiam
1245 4221 1344 4271 eorum,
1371 4222 1437 4272 qaae

262 4281 426 4332 Humbertus
437 4281 589 4332 cardinalis
600 4297 620 4332 c.
634 4282 677 4335 35.
697 4280 763 4331 libri
773 4280 813 4334 ΙΙ.
826 4279 953 4331 adversus
963 4278 1128 4332 Simoniacos
1140 4280 1203 4346 (SS.
1216 4279 1276 4332 [Ab.
1289 4278 1313 4343 I,
1330 4295 1359 4344 p.
1370 4279 1437 4342 184)

263 4358 416 4416 conquestus
432 4357 478 4403 est.
569 4351 595 4418 7)
612 4351 756 4416 Siyifrr‘do.
846 4350 874 4417 8)
892 4347 1045 4416 Praecepit,
1070 4349 1123 4402 nisi
1141 4366 1169 4403 ss
1188 4348 1278 4403 heresi
1295 4347 1437 4416 praedicta

264 4423 428 4490 expurgaret
441 4421 579 4489 canonice,
592 4420 667 4488 quod
678 4437 851 4489 nequaquam
864 4437 927 4474 eum
940 4424 1119 4475 consecraret.
1145 4421 1437 4475 Bertboldusa.1070.
