3270 5028
233 441 269 495 84
360 435 540 494 ANNALES
558 435 813 492 ALTAEENSES
831 433 1013 492 MAIORES.
1049 433 1085 492 A.
1098 437 1283 493 1071-1073.

234 622 379 686 eandem
402 619 612 702 Augiensem
640 618 815 684 abbatiam
838 618 932 683 emit.
979 616 1080 696 Quod
1109 638 1188 682 cnm
1217 617 1342 684 iratres
1373 625 1409 685 et

232 709 361 774 milites
385 709 539 773 eiusdem
561 708 629 772 loci
653 709 874 792 agnovissent
896 709 932 771 et
955 727 976 770 a
997 724 1079 789 rege
1100 707 1223 771 exinde
1238 708 1408 772 iustitiam

233 797 361 862 habere
390 818 462 861 non
491 798 641 880 possent,
671 797 775 860 missa
804 795 978 879 legatione
1008 795 1149 860 auribus
1177 796 1307 859 domini
1331 817 1408 881 apo·

234 885 347 950 stolici
379 886 445 949 hoc
474 885 703 949 insinuavere.
757 882 840 962 Qui,
875 888 916 947 ut
945 888 1020 948 erat
1050 887 1210 948 strenuus
1239 885 1277 947 in
1305 887 1407 950 rebus

234 973 490 1052 ecclesiasticis,
526 973 661 1038 litteras
691 993 770 1036 mox
800 972 925 1036 direxit
955 975 990 1036 ct
1021 972 1133 1036 eidem
1162 972 1282 1037 abbati
1310 974 1407 1037 mini-

234 1063 377 1127 sterium
400 1063 488 1126 sacri
511 1062 630 1126 altaris
653 1061 848 1138 interdixit3
873 1060 970 1124 cuius
993 1064 1177 1145 praecepto
1201 1081 1278 1125 cnm
1297 1062 1409 1127 nollet

234 1151 383 1230 obedire,
414 1150 542 1215 milites
566 1150 719 1214 eiusdem
740 1149 940 1213 monasterii
964 1168 1043 1213 eum
1066 1150 1189 1213 exinde
1211 1149 1375 1233 fugavere
1386 1151 1406 1213 ¹.

233 1240 331 1304 Haec
362 1243 479 1303 autem
509 1239 584 1302 Deo
613 1240 704 1303 teste
732 1256 804 1301 non
834 1237 1013 1302 scribimus
1046 1238 1161 1302 studio
1190 1238 1405 1317 detrahendi,

234 1329 294 1392 sed
332 1329 414 1410 quia
451 1327 654 1391 confidimus
697 1327 763 1390 hoc
802 1325 973 1408 aliquibus
1016 1325 1091 1390 fore
1130 1327 1175 1390 ad
1213 1326 1407 1410 exemplum

235 1416 387 1493 cavendi,
418 1435 463 1480 ne
493 1416 568 1498 quis
593 1416 756 1499 deceptus
780 1414 905 1478 frivola
928 1433 987 1498 spe
1011 1414 1113 1478 huius
1136 1415 1331 1480 mundanae
1356 1436 1407 1480 ex-

234 1504 412 1568 altationis
443 1506 479 1568 et
509 1503 574 1568 sibi
601 1523 662 1587 per
684 1503 833 1567 heresim
856 1501 930 1566 Deo
954 1502 1139 1567 odibileml
1165 1507 1337 1567 mercetur
1359 1505 1407 1567 in-

232 1592 429 1657 tollerabile
468 1592 616 1657 dedecus
653 1591 872 1675 turpissimae
911 1591 1112 1655 deiectionis
1147 1594 1183 1654 et
1217 1593 1253 1654 in
1286 1592 1406 1657 futuro

167 1705 224 1755 sug.
233 1701 339 1765 penas
367 1684 554 1765 perpetuae
583 1680 847 1765 dampnationis.
894 1677 971 1743 Hoc
1001 1683 1176 1756 autumno,
1209 1682 1292 1744 dum
1321 1681 1406 1746 haec

234 1773 395 1852 aguntur,
425 1770 546 1852 regina
575 1768 685 1831 filium
715 1769 846 1852 genuit,
877 1769 996 1851 quiin
1019 1767 1106 1832 albis
1129 1763 1406 1833 viradecessieb.

148 1989 223 2031 croac
771 1955 866 2027 1072.

340 2068 481 2134 Festum
510 2068 758 2132 incarnationis
789 2068 981 2132 dominicae
1003 2087 1064 2132 rex
1087 2068 1274 2133 celebravit
1296 2069 1407 2135 Ratis-

232 2158 374 2222 bonae2.
421 2158 535 2242 Igitur
564 2178 625 2241 per
654 2157 798 2240 longum
821 2157 890 2220 iam
911 2160 1048 2240 tempus
1072 2160 1231 2239 potentes
1255 2179 1406 2242 quosque

231 2267 291 2311 rex
307 2251 445 2331 ceperat
461 2250 689 2324 contemnere,
713 2245 893 2310 inferiores
915 2265 996 2308 vero
1020 2245 1149 2309 divitiis
1175 2249 1211 2309 et
1233 2246 1405 2311 facultati-

232 2335 296 2400 bus
321 2335 485 2400 extollere
509 2339 544 2400 et
568 2355 686 2400 eorum
705 2334 857 2412 consilio,
889 2353 976 2417 quae
1000 2335 1135 2416 agenda
1158 2338 1265 2412 erant,
1291 2338 1405 2399 ammi-

231 2423 419 2500 nistrabat,
455 2424 661 2507 optimatum
690 2442 770 2486 vero
804 2443 881 2485 raro
916 2441 1122 2505 quemquam
1151 2415 1304 2487 *secretis
1334 2426 1404 2488 suis
1416 2439 1449 2488 *n
1457 2439 1508 2484 824.

233 2513 456 2588 admittebat,
498 2515 533 2575 et
567 2511 648 2592 quia
681 2511 793 2573 multa
826 2511 1022 2575 inordinate
1057 2510 1201 2588 fiebant,
1243 2513 1402 2596 episcopi,

232 2599 336 2664 duces
361 2600 486 2681 aliique
509 2599 607 2680 regni
631 2598 794 2682 primores
818 2600 861 2662 de
876 2598 1050 2680 regalibus
1066 2618 1102 2662 se
1118 2599 1402 2664 subtrahebant0.

232 2687 330 2751 Inter
353 2708 436 2769 quos
451 2685 678 2769 Ruodolphus
702 2689 737 2750 et
753 2685 963 2750 Berhtoldus
988 2679 1112 2751 duces3
1135 2688 1179 2751 ad
1192 2708 1309 2770 regem
1325 2709 1403 2772 sepe

231 2775 345 2838 vocati
374 2779 465 2852 sunt,
496 2775 557 2838 sed
585 2778 704 2838 tamen
726 2775 843 2838 venire
865 2775 1063 2853 noluerunt,
1095 2795 1270 2858 quousque
1299 2777 1404 2840 etiam

230 2883 291 2927 rex
320 2864 485 2946 suspicari
516 2863 661 2946 ceperit,
697 2863 779 2945 quia
813 2866 934 2926 contra
965 2883 1001 2928 se
1029 2863 1198 2929 rebellare
1232 2869 1403 2948 pararent.

233 2951 319 3014 Cum
349 2952 456 3014 etiam
479 2972 588 3016 sermo
611 2951 770 3028 ferretur,
804 2951 966 3034 quoniam
995 2953 1167 3035 expeditio
1198 2957 1318 3017 contra
1348 2974 1404 3018 eos

231 3043 418 3123 pararetur,
449 3041 514 3123 ipsi
545 3059 677 3123 semper
699 3040 878 3104 mittentes
902 3040 1058 3103 inducias
1081 3041 1257 3124 petebant,
1289 3043 1404 3124 sicque

230 3129 398 3210 impetum
435 3128 526 3210 regis
561 3126 783 3192 deludebant.
845 3128 922 3192 Hoc
961 3148 1051 3192 anno
1086 3128 1259 3193 Henricus
1298 3131 1404 3194 archi-

230 3217 367 3299 praesul
396 3216 607 3280 Ravennatis
639 3215 802 3281 ecclesiae
832 3217 986 3293 moritur,
1018 3237 1080 3300 pro
1110 3237 1177 3300 quo
1202 3217 1403 3301 Wigbertus

231 3305 464 3368 constituitur.
510 3304 722 3368 Huswardus
746 3306 851 3369 etiam
874 3305 1081 3370 Veronensis
1105 3305 1282 3390 episcopus
1306 3307 1401 3384 obiit,

231 3394 286 3456 cui
310 3393 428 3455 Brun4
450 3393 624 3456 successit.

767 3563 863 3635 1073.

336 3675 462 3739 Natale
492 3675 634 3739 Domini
662 3696 723 3739 rex
752 3677 789 3739 in
819 3655 1024 3759 Babenberg
1055 3676 1241 3741 celebravit
1251 3676 1272 3739 ⁵.
1327 3676 1402 3757 Quo

124 3786 180 3836 sps.
188 3784 320 3830 nanno
360 3765 555 3829 Alexander
593 3785 683 3847 papa
721 3784 762 3829 ex
799 3767 865 3828 hac
903 3764 980 3828 luce
1018 3765 1195 3848 migravit,
1234 3786 1296 3850 pro
1335 3786 1401 3848 quo

229 3973 250 4018 a)
266 3969 355 4011 odibem
368 3983 385 4013 c.
453 3971 476 4022 b)
490 3969 630 4012 Werhardus
645 3971 752 4011 Mathhllt
766 3982 791 4010 ro
805 4002 830 4014 ..
848 3972 979 4010 adiunxerat
994 3972 1108 4022 librarius,
1127 3981 1182 4021 quae
1195 3976 1247 4020 post
1261 3973 1306 4020 lpse
1320 3974 1401 4015 delevit.

230 4025 262 4073 Cf.
277 4025 417 4074 Gleeebrecht,
432 4023 569 4064 ‘Kaiserzer't’
584 4026 632 4075 111,
644 4037 669 4073 p,
679 4026 724 4067 150.
779 4027 800 4073 e)
813 4025 828 4067 i.
843 4035 859 4066 e.
874 4022 902 4064 de
916 4025 1003 4065 iuribus
1019 4026 1086 4074 regiis
1101 4036 1125 4065 se
1140 4025 1275 4067 eximebant.

230 4183 255 4250 1)
274 4185 315 4248 Cf.
333 4184 505 4236 Lombertum
522 4191 546 4236 ct
563 4184 748 4238 Bertholdum.
809 4182 836 4251 2)
853 4181 1023 4236 Wormatiae
1041 4184 1208 4238 Lambertus.
1237 4185 1279 4248 Cf.
1292 4184 1405 4252 Stampf

228 4273 270 4308 nr.
284 4257 362 4310 2752.
400 4255 452 4306 Sed
466 4256 550 4322 paulo
565 4261 625 4321 post
642 4271 692 4306 ren
704 4255 878 4306 Ratisdcmam
895 4257 972 4310 venit.
1044 4255 1072 4322 3)
1089 4255 1199 4307 Suebiae
1216 4262 1240 4306 et
1253 4256 1399 4309 Curiatiae.

226 4325 505 4450 gnilmnznezfftiztff
523 4324 658 4377 scolarum
677 4323 884 4378 Hildenesheim
909 4327 972 4392 (SS.
990 4326 1051 4392 VII,
1073 4343 1101 4393 p.
1120 4326 1196 4389 848).
1286 4327 1314 4393 5)
1332 4327 1398 4378 Con-
