3270 5028
229 405 265 460 56
407 400 588 458 ANNALRS
605 399 860 456 mannasses
878 399 1061 458 MAIORRS.
1096 402 1133 459 A.
1146 405 1225 459 1000.

231 587 410 671 episeopus
443 583 652 649 Luooensis¹
686 604 708 648 a
741 584 948 667 quibusdam
980 584 1215 648 Romanorum
1253 585 1291 649 in
1324 587 1404 651 sede

230 673 420 758 apostoliea
442 677 496 738 est
519 672 739 749 constitutus,
763 673 959 754 quistatim
974 677 1192 738 oonsecratus
1209 674 1405 740 Alexander

229 783 357 828 nomen
379 762 523 847 aceepit,
551 762 707 844 quamvis
730 762 904 825 communi
928 781 1046 826 eorum
1068 761 1250 827 voluntate
1274 762 1405 828 electus

230 873 301 918 non
322 851 440 928 fuerit,
464 854 505 914 ut
527 849 804 932 insequentibus
820 850 1035 933 apparebit⁸.
1082 849 1272 936 Episcopus
1288 855 1406 916 autem

230 939 439 1016 Parmensis,
470 938 608 1002 Kadalo
636 938 791 1014 nomine,
822 938 943 1002 audita
971 939 1074 1002 unius
1104 942 1230 1017 morte,
1262 940 1406 1005 alterius

231 1032 349 1093 autem
371 1027 577 1092 electionem
607 1025 772 1090 simulans
795 1045 832 1091 se
854 1026 1003 1102 nescim,
1034 1031 1173 1110 sumpta
1202 1047 1334 1104 secum,
1365 1032 1406 1091 ut

230 1117 419 1191 ferebatur,
443 1115 591 1201 pecunia
613 1116 779 1191 inmensa,
804 1118 938 1179 curtem
961 1115 1058 1192 adiit,
1086 1135 1204 1199 regem
1226 1118 1406 1200 Augustae

230 1205 369 1289 reperit,
400 1204 517 1286 ibique
547 1223 624 1267 oum
656 1206 767 1268 matre
797 1203 888 1286 regis
919 1206 955 1266 et
978 1204 1138 1288 episeopo
1161 1205 1405 1288 Augustensi²,

231 1294 290 1377 qui
314 1293 428 1357 adhue
451 1291 583 1376 palatio
606 1291 835 1376 praesidebat,
865 1311 919 1356 res
943 1311 1022 1355 suas
1046 1311 1148 1375 agere
1171 1314 1242 1357 non
1264 1293 1405 1376 quievit,

231 1383 341 1446 donee
370 1400 407 1446 se
436 1381 481 1444 ad
511 1381 629 1445 sedem
658 1379 883 1463 apostolicam
906 1399 1030 1463 aroge
1059 1381 1260 1446 conlaudari
1290 1385 1336 1459 et,
1366 1384 1407 1444 ut

230 1491 304 1534 mos
328 1473 390 1548 est,
421 1468 536 1532 infula
565 1468 757 1553 pontificali
780 1468 937 1532 investiri
959 1468 1190 1552 impetranti.
1238 1469 1306 1548 Qui
1328 1489 1408 1533 mox

231 1559 269 1622 in
284 1558 427 1623 Italiam
441 1558 639 1641 regrediens
663 1560 699 1622 et
722 1556 824 1620 illum
845 1557 916 1620 iam
939 1561 1177 1621 consecratum
1197 1558 1407 1644 apostolieae

232 1647 306 1712 sedi
329 1646 467 1731 publioe
491 1647 745 1731 praesidentem
773 1645 957 1730 reperiens,
988 1645 1050 1709 illo
1080 1647 1220 1729 quidem
1250 1667 1341 1712 anno
1370 1647 1408 1710 in

233 1736 433 1819 episcopatu
462 1755 524 1799 suo
554 1735 701 1817 quievit,
737 1737 858 1818 postea
887 1753 968 1798 vero
997 1734 1147 1798 heresim
1179 1755 1342 1818 magnam
1372 1738 1408 1799 et

232 1823 364 1889 bellum
394 1823 639 1907 periculosum,
670 1823 763 1904 quod
791 1822 829 1886 in
858 1841 920 1885 suo
950 1821 1027 1886 loco
1056 1823 1201 1900 dioetur,
1231 1824 1408 1888 Romanae

232 1911 398 1976 ecelesiae
421 1911 564 1975 invexit.
599 1909 771 1988 Quoniam
794 1903 947 1987 auteml',
970 1914 1011 1974 ut
1034 1911 1104 1976 iam
1127 1913 1284 1990 diximus,
1308 1912 1409 1976 Alex·

233 2000 341 2064 ander
364 1999 536 2064 oommuni
557 1999 792 2063 Romanorum
813 2001 894 2062 roto
919 1999 1050 2064 electus
1080 2020 1151 2063 non
1180 2000 1306 2078 fuerat,
1338 2000 1408 2082 qui-

233 2089 314 2152 dam
338 2106 464 2164 eorum,
495 2087 591 2152 furto
615 2087 849 2172 surripientes,
874 2107 1011 2152 erucem
1033 2108 1183 2166 auream,
1214 2108 1303 2171 quae
1327 2090 1408 2152 ante

231 2197 359 2261 papam
386 2177 518 2260 portari
548 2176 692 2254 solebat,
723 2179 759 2240 et
783 2175 852 2240 alia
879 2176 1049 2258 quaedam
1077 2176 1291 2260 pontificalia
1314 2197 1409 2240 orna·

232 2269 351 2330 menta
384 2266 429 2329 ad
463 2266 569 2329 istum
604 2264 817 2330 detulerunt.
875 2263 1007 2342 Quibus
1046 2263 1107 2330 ille
1146 2285 1225 2328 mox
1265 2266 1409 2329 indutus

232 2355 371 2439 publioe
397 2354 616 2438 procedebat,
648 2356 684 2418 et
706 2354 873 2418 honorem
896 2351 1123 2437 apostolieum
1146 2354 1212 2417 sibi
1235 2354 1279 2418 ab
1302 2353 1407 2418 omni·

233 2444 298 2508 bus
333 2443 487 2508 exhiberi
523 2441 697 2525 exigebat,
737 2441 904 2524 quosdam
938 2441 1044 2505 etiam
1077 2442 1289 2525 potentiores
1325 2442 1408 2507 data

231 2532 380 2616 pecunia
409 2531 454 2594 ad
483 2531 568 2594 hoo⁰
603 2529 792 2593 inlioiebat.
845 2528 958 2594 Inioia
993 2529 1151 2593 dolorum
1185 2531 1282 2595 haee.
1334 2529 1408 2595 Rex

234 2621 327 2686 enim
349 2639 435 2704 puer
458 2621 542 2694 erat,
566 2620 677 2681 mater
698 2636 779 2681 vero
802 2620 925 2700 utpote
947 2617 1079 2682 femina
1101 2619 1155 2683 his
1179 2622 1215 2683 et
1237 2619 1308 2683 illis
1332 2638 1407 2682 oon·

234 2707 431 2772 siliantibus
453 2705 558 2770 faoile
582 2704 737 2782 cedebat,
765 2705 890 2788 reliqui
912 2726 993 2770 vero
1016 2706 1148 2791 palatio
1171 2708 1407 2791 praesidentes

234 2796 373 2860 omnino
397 2795 564 2860 avariciae
587 2793 780 2871 inhiabant,
812 2799 848 2858 et
877 2794 951 2858 sine
981 2795 1130 2878 pecunia
1156 2795 1206 2859 ibi
1229 2797 1272 2860 de
1297 2795 1407 2860 causis

234 2885 304 2948 suis
333 2904 435 2948 nemo
462 2883 636 2947 iusticiam
665 2883 875 2960 inveniebat,
906 2885 941 2947 et
964 2883 1043 2947 ideo
1064 2883 1120 2948 fas
1142 2883 1308 2967 nefasque
1333 2903 1409 2947 oon-

233 2973 351 3037 fusum
375 2974 459 3036 erat.
1375 2977 1379 2985 '

340 3060 418 3124 Hoo
448 3059 554 3124 etiam
586 3079 677 3123 anno
706 3079 774 3143 pax
803 3064 856 3124 est
884 3062 1004 3143 rupta,
1040 3080 1128 3142 quae
1163 3062 1296 3125 dudum
1330 3081 1409 3125 oum

234 3149 361 3232 Unguis
393 3153 446 3213 est
475 3146 581 3211 faeta.
633 3147 799 3213 Refertur
829 3147 962 3232 supra4,
1002 3148 1152 3230 qualiter
1188 3149 1280 3232 regis
1315 3169 1410 3212 soror

234 3236 307 3301 filio
327 3237 419 3320 regis
435 3235 632 3319 Ungrorum
654 3236 771 3301 fuerat
793 3239 942 3320 nuptum
966 3235 1084 3301 data⁵z
1109 3238 1166 3300 oui
1189 3237 1409 3302 conventioni

234 3325 325 3409 regis
347 3325 466 3403 irater,
494 3323 559 3388 Bel
582 3325 730 3402 nomine,
762 3344 840 3388 oum
867 3324 939 3388 filio
961 3345 1033 3388 non
1056 3325 1231 3404 intererat,
1262 3326 1408 3408 ideoque

234 3413 447 3477 nostratibus
470 3431 605 3496 semper
627 3413 778 3498 suspecti
801 3416 910 3478 erant.
957 3411 1010 3478 Ob
1034 3415 1124 3478 hane
1147 3415 1255 3497 igitur
1270 3434 1409 3477 oausam

235 3502 273 3564 in
295 3501 485 3584 Ungariam
513 3501 703 3565 mittuntur
730 3521 771 3566 ex
794 3500 903 3566 latere
926 3502 1017 3585 regis
1041 3502 1220 3587 episeopus
1243 3502 1341 3586 lippo
1365 3503 1407 3566 de

171 3611 227 3656 rso.
237 3588 378 3653 civitate
394 3588 504 3654 Oitiza
513 3587 534 3666 ⁶,
559 3589 712 3653 marchio
729 3589 925 3668 Saxonious,
950 3591 1104 3654 marohio
1127 3589 1349 3654 Baioarious⁷
1373 3592 1408 3654 et

236 3675 296 3741 alii
319 3696 423 3759 quam
445 3677 595 3762 plurimi.
641 3677 756 3761 Igitur
778 3682 857 3762 post
871 3698 999 3762 pauoos
1015 3678 1089 3742 dies
1105 3679 1274 3742 adventus
1291 3698 1409 3743 eorum

234 3765 274 3828 in
296 3763 486 3848 Ungariam
508 3784 568 3829 rex
590 3766 757 3844 And1eas,
786 3767 855 3830 iam
883 3768 1001 3851 aperte
1025 3786 1233 3850 cognoscens
1257 3767 1408 3831 coniura-

236 3933 259 3986 α)
272 3943 327 3985 quoe
338 3939 456 3986 emuntur
467 3936 586 3976 dromus
598 3937 644 3986 lpse
656 3937 776 3987 assmpsit.
828 3936 853 3985 b)
865 3940 942 3977 autem
954 3937 1131 3987 corumptum.
1184 3940 1206 3987 e)
1219 3935 1293 3978 adhoc
1306 3948 1323 3982 ο.

237 4075 264 4144 1)
280 4076 430 4131 roselmus.
519 4076 547 4145 2)
563 4077 699 4134 Heinrr'oo.
788 4076 816 4144 3)
833 4077 964 4143 Boudroe,
983 4093 1038 4130 non
1055 4079 1201 4145 laurae,
1220 4077 1349 4131 Kodolue
1365 4079 1408 4130 in·

235 4148 327 4213 ripula
341 4147 476 4215 pontifieio
493 4149 609 4200 maximi
623 4150 729 4216 occepit.
800 4146 829 4214 4)
845 4147 902 4200 Sub
919 4163 991 4201 anno
1002 4149 1082 4205 1058.
1153 4147 1182 4216 ὃ)
1198 4148 1283 4201 Immo
1300 4164 1408 4216 εροηεα.

237 4217 280 4282 Gt.
297 4217 473 4270 Barboldum
496 4219 533 4269 ad
557 4234 583 4273 a.
596 4218 667 4273 1059
692 4218 802 4285 (ssV,
825 4235 855 4285 p.
874 4220 941 4284 271)
965 4225 990 4270 et
1012 4221 1070 4272 ride
1094 4219 1186 4285 Meyer
1208 4234 1258 4272 oon
1278 4219 1406 4286 Kronou,

238 4287 469 4354 ‘Johrunhefla
491 4305 522 4355 p.
540 4289 584 4353 00,
609 4305 637 4344 n.
655 4289 700 4344 85.
789 4287 817 4355 6)
834 4289 917 4345 Zeira
1007 4290 1035 4358 7)
1050 4290 1192 4356 matus,
1218 4289 1409 4356 quinarem

235 4359 365 4412 eierato·
378 4364 514 4426 praeerat.
546 4358 611 4410 Vide
629 4359 720 4425 Meyer
737 4373 787 4411 oon
804 4359 932 4427 Kronou,
953 4360 1143 4413 ‘Jahrnzohrr'
1160 4359 1185 4427 Ι,
1201 4377 1231 4427 p.
1245 4362 1305 4415 193.
