3270 5028
259 422 295 474 46
437 415 618 472 ANNALllS
635 413 889 471 anianenses
908 413 1090 472 MAIORES.
1126 415 1163 474 A.
1177 421 1255 476 1050.

193 624 251 667 105⁰.
260 601 422 666 rectionis
435 595 602 664 ‘Traiecti
622 598 775 666 celebrat
784 597 807 662 ¹.
841 600 925 664 Post
947 600 1033 664 haec
1056 599 1177 664 dolens
1199 599 1266 664 'sibi
1289 621 1310 665 a
1332 603 1530 686 pessi-usos¹

261 690 326 754 mis
348 689 553 772 quibusdam
575 692 792 773 praereptam
814 688 1012 771 Unguium,
1044 707 1132 771 quae
1155 686 1249 772 prius
1271 691 1345 754 tam
1368 692 1432 756 evi·

169 780 365 844 niradentc
380 776 447 842 Dei
470 777 597 842 iudicio
621 779 769 842 cesserat
784 777 910 842 ditioni
932 795 1022 853 suae,
1047 777 1084 839 in
1099 776 1348 862 Nuorenberg²
1370 799 1433 844 suo

196 866 370 933 rutundo
393 866 564 951 principes
587 869 754 930 convocat
777 864 956 929 Baioariae
985 866 1102 942 totius,
1134 866 1217 948 quid
1247 887 1350 952 super
1373 868 1433 932 his

260 959 387 1038 ageret,
409 954 637 1019 consulturus.
674 953 925 1038 Complacitum
940 957 992 1017 est
1006 953 1127 1018 urbem
1143 951 1434 1039 Heimenburgr·³

260 1043 433 1108 aedificari
456 1046 492 1107 et
515 1043 654 1107 interim
677 1041 719 1106 ab
743 1041 884 1107 armatis
908 1042 1128 1106 aedificantes
1150 1044 1325 1108 custodiri.
1360 1042 1433 1109 'Sed
1520 1099 1523 1106 .

259 1132 340 1216 quia
363 1132 429 1196 hoc
452 1130 519 1196 Dei
540 1131 765 1215 inspiratione
790 1129 971 1194 consilium
1001 1131 1180 1209 dederunt,
1212 1136 1332 1216 postea
1359 1133 1432 1197 eius

260 1220 387 1285 auxilio
416 1221 453 1283 in
482 1239 519 1283 re
542 1211 699 1284 fortiterb
728 1217 1045 1302 comprobaverunt.
1091 1218 1183 1282 Nam
1212 1239 1291 1284 cum
1319 1221 1433 1306 ipsum

258 1330 344 1392 opus
368 1307 555 1372 Baioaricis
578 1306 844 1392 provincialibus
868 1306 979 1371 solum
1001 1307 1126 1372 fuisset
1148 1308 1351 1388 iniunctum,
1377 1311 1432 1374 ad·

259 1398 399 1462 modum
428 1415 538 1481 pauca
565 1395 791 1460 multitudine
824 1395 909 1459 illuc
944 1400 1179 1461 convenerunt
1213 1401 1431 1462 minutorum.

259 1485 336 1550 Hoc
365 1489 406 1549 ut
436 1485 620 1550 audierunt
649 1485 781 1561 hostes,
818 1483 957 1567 aliquod
992 1484 1239 1549 detrimentum
1268 1487 1322 1550 sui
1350 1486 1432 1550 inde

148 1575 488 1659 sepensuspicantes,
527 1574 603 1657 ipsa
639 1577 741 1638 noete
779 1572 995 1637 Thebeorum
1032 1574 1207 1638 irruerunt
1244 1575 1282 1637 in
1320 1579 1432 1640 caetra

258 1665 475 1729 nostratium.
528 1661 575 1726 Et
605 1683 683 1726 cum
712 1662 750 1725 in
780 1661 895 1745 aliquo
928 1661 1153 1726 tabernaculo
1187 1662 1432 1746 colligerentur

258 1753 336 1836 plus
366 1773 470 1836 quam
499 1753 669 1816 ducentae
699 1751 861 1833 sagittae,
897 1749 987 1814 nulli
1019 1753 1138 1815 tamen
1170 1752 1350 1816 hominum
1379 1756 1432 1818 est

258 1841 383 1904 vulnus
406 1837 572 1904 inflixum.
618 1838 723 1902 Hunc
746 1840 914 1922 impetum
936 1838 997 1903 ubi
1020 1839 1141 1904 eadem
1163 1840 1356 1924 septimana
1377 1844 1432 1905 ter

259 1933 447 2012 quaterque
471 1928 718 2004 sustinuerunt,
742 1928 885 1991 tandem
904 1928 941 1992 in
956 1946 1066 1990 unum
1082 1928 1281 2011 conglobati
1296 1929 1431 1994 obviam

90 2037 167 2081 ruera
175 2041 208 2091 1³,
217 2041 249 2083 n.
259 2017 406 2081 iverunt.
457 2016 565 2081 “Ecce
590 2016 707 2079 divina
730 2015 914 2080 clementia
936 2016 1060 2094 adfuit,
1092 2036 1179 2100 quae
1202 2035 1372 2100 nusquam
1394 2019 1431 2082 in

258 2125 294 2170 se
318 2109 494 2190 sperantes
517 2105 654 2170 deserit.
700 2103 791 2168 Nam
820 2104 1003 2170 confestim
1029 2109 1071 2168 ut
1098 2105 1334 2184 conflixerunt,
1365 2106 1431 2190 ipsi

258 2194 443 2258 admodum
473 2194 573 2278 pauci
602 2193 788 2258 immanem
816 2193 1002 2258 exercitum
1025 2194 1191 2272 vicerunt,
1222 2194 1431 2278 fugaverunt

259 2287 303 2360 et,
320 2301 540 2366 quoscunque
556 2282 689 2365 insequi
704 2285 874 2366 poterant,
898 2286 1168 2366 prostraverunt.
1215 2281 1430 2368 Quapropter

258 2376 487 2456 protectorem
509 2371 562 2436 sui
586 2371 700 2435 Deum
722 2370 913 2447 laudantes,
945 2371 989 2435 ad
1016 2371 1154 2455 propria
1180 2373 1326 2455 regressi
1349 2375 1429 2436 sunt

258 2464 408 2538 ovantes,
440 2479 627 2544 paucorum
655 2460 693 2521 in
716 2458 799 2523 urbe
823 2459 1031 2542 praesidium
1055 2461 1315 2525 constituentes.
1362 2460 1430 2525 Sed

257 2568 301 2613 ne
331 2549 414 2632 quid
443 2547 536 2611 mala
557 2566 654 2610 mens
677 2547 849 2628 linqueret
871 2548 1096 2632 inexpertum,
1128 2549 1219 2612 hanc
1241 2549 1352 2632 Ungui
1376 2551 1429 2614 de·

257 2641 389 2702 struere
413 2637 528 2700 conati
551 2638 642 2713 sunt,
672 2655 808 2698 rursum
829 2639 930 2700 tanto
953 2641 1162 2721 congregato
1185 2639 1346 2715 exercitu,
1370 2639 1429 2720 qui

257 2724 387 2790 nullius
417 2727 532 2808 posset
560 2723 803 2806 comprehendi
826 2722 960 2789 obtutu.
1007 2724 1144 2807 Loquor
1173 2727 1337 2808 ingentia,
1369 2728 1430 2791 sed

256 2815 376 2877 tamen
391 2810 703 2896 comprobabuntur
717 2811 824 2878 fuisse
839 2813 978 2877 maiora.
1025 2813 1116 2878 Nam
1140 2835 1218 2878 cum
1233 2815 1429 2898 paucissimi

257 2901 350 2965 diem
379 2900 589 2965 dominicum
619 2921 697 2964 cum
718 2899 807 2964 feria
830 2903 981 2966 secunda
1003 2905 1039 2968 et
1060 2903 1170 2967 tercia
1191 2904 1283 2966 tanti
1307 2905 1428 2968 exerci-

256 2993 313 3053 tus
348 2990 592 3053 sustinuissent
626 2989 808 3072 impetmn‚
844 2989 981 3053 nullum
1014 3010 1057 3054 ex
1086 2991 1156 3056 suis
1185 2995 1327 3076 excepto
1359 3012 1429 3056 uno

258 3077 429 3156 cecidisse,
454 3076 645 3141 laudabant
668 3077 795 3155 Deum;
819 3078 886 3162 ipsi
908 3099 989 3143 vero
1011 3083 1146 3143 tantam
1168 3080 1429 3144 multitudinem

256 3166 409 3231 hostium
438 3160 730 3250 prostraveruntd,
760 3164 853 3230 unde
875 3167 1060 3232 redeuntes
1083 3169 1165 3232 socii
1189 3168 1234 3232 ad
1257 3172 1429 3253 asportan·

258 3257 340 3320 dum
356 3275 414 3320 sex
428 3274 533 3319 naves
549 3253 818 3338 compleverunt.
850 3253 1006 3320 anleste
1022 3257 1127 3321 etiam
1143 3257 1280 3340 signum
1295 3257 1344 3321 ibi
1359 3279 1429 3321 non

257 3344 379 3422 defuit,
411 3342 562 3407 seilicet⁰
590 3342 839 3427 proeliantibus
868 3343 938 3408 illis
967 3347 1084 3411 turtur
1111 3345 1217 3410 mirae
1240 3346 1428 3430 pulchritu

257 3433 347 3496 dinis
370 3451 484 3496 muros
508 3430 804 3496 circumvolitavit.
850 3432 974 3516 Ignem
996 3453 1076 3498 vero
1108 3435 1152 3498 ad
1174 3435 1429 3500 incendendum

256 3521 411 3604 qualibet
434 3522 532 3603 parte
554 3519 697 3584 orientis
721 3524 756 3584 et
780 3521 977 3599 occidentis,
1002 3523 1158 3586 meridiei
1180 3523 1236 3587 vel
1259 3523 1428 3606 aquilonis

185 3626 248 3670 aaa
257 3609 501 3673 admovebant:
532 3609 626 3673 hunc
648 3611 772 3672 ventus
796 3603 998 3674 occurrensf
1024 3610 1240 3675 deflectebat.
1286 3611 1428 3694 Exque

255 3700 480 3782 posteaquam
506 3698 622 3762 hostes
646 3701 880 3780 cognoverunt
903 3702 1037 3763 reatum
1061 3720 1169 3776 suum,
1199 3701 1428 3770 discesserunt

257 3786 392 3852 confusi
400 3785 422 3848 ⁴.
469 3783 557 3848 Tum
586 3789 766 3851 accusatur
789 3785 957 3852 Kanemer
980 3787 1050 3851 dux
1073 3787 1304 3867 Bolaniorum‚
1336 3789 1428 3872 quod

255 3978 278 4023 a)
291 3975 451 4024 Helmemburg
464 3976 582 4015 dominus
595 3963 707 4025 culpasse
720 3976 810 4018 videtu,
878 3976 902 4028 b)
916 3977 995 4017 feriter
1009 3988 1026 4020 c.
1083 3977 1104 4030 c)
1115 3959 1189 4026 perae
1202 3978 1302 4017 Armini
1315 3979 1428 4019 librarius.

255 4026 280 4076 d)
293 4030 405 4068 emersum
418 4029 496 4078 H.·ll.;
511 4034 654 4080 prostravere
668 4040 685 4073 e.
739 4028 760 4081 e)
775 4027 816 4070 red
830 4041 847 4072 c.
900 4029 1053 4080 floccurrens
1067 4032 1091 4070 tn
1104 4042 1175 4080 mara.
1188 4033 1308 4081 repetitum.

256 4171 283 4238 1)
304 4172 379 4224 Idem
403 4174 487 4237 refert
511 4173 697 4226 Herimcnaue
720 4172 872 4236 Accienor'o.
919 4172 1070 4224 Traiectum
1094 4173 1257 4226 Monstrum
1282 4189 1347 4239 esee,
1374 4189 1428 4226 non

259 4243 374 4309 Utrccbt,
396 4243 694 4311 pomeranensem
721 4242 911 4295 ‘Jahrbuehcr’
929 4244 969 4311 ΙΙ,
989 4261 1019 4311 p.
1033 4245 1093 4310 106,
1117 4259 1144 4298 n.
1159 4246 1183 4299 1.
1274 4245 1301 4312 2)
1318 4245 1432 4313 Stampf

253 4316 416 4440 Ξεννῖἒίἓὶν
463 4313 490 4381 3)
506 4315 662 4379 Huiubury.
733 4313 761 4380 4)
779 4313 851 4366 Haec
866 4315 1429 4382 mmewacatffcrinannoAuqieaai
