3270 5028
235 415 270 470 68
411 408 592 466 miuus
610 407 865 464 ALTAHENSES
883 405 1065 464 MAIORES.
1101 407 1137 462 A.
1151 411 1230 466 1065.

236 593 428 660 Confestim
458 611 539 676 ergo
568 592 611 657 de
638 590 735 668 mari,
767 591 859 674 quod
883 590 1059 655 civitatem
1082 610 1124 656 ex
1145 612 1217 655 una
1239 596 1337 676 parte
1361 593 1409 656 in-

234 682 408 760 undabat,
442 681 552 745 nubes
586 682 756 763 quaedam
788 679 972 744 tenebrosa
1006 680 1230 758 ascendebat,
1266 701 1309 745 ex
1340 701 1409 763 qua

234 771 376 854 fulgura
407 773 442 835 et
472 769 751 834 choruscationes
786 788 864 832 cum
897 768 1032 832 tonitru
1062 772 1098 832 et
1127 770 1267 833 horrore
1301 769 1408 833 nimio

235 857 478 944 procedebant.
525 855 679 940 Cumque
713 859 900 941 tempestas
935 857 1021 920 haec
1054 876 1163 939 usque
1198 859 1243 921 ad
1277 861 1409 922 sextam

236 948 379 1012 alterius
413 947 482 1011 diei
517 946 760 1011 extenderetur
794 948 830 1009 et
860 965 958 1009 mons
992 946 1165 1009 undarum
1198 946 1409 1010 marinarum

235 1031 327 1121 *plus
359 1035 462 1100 solito
491 1035 693 1110 elevaretur,
728 1033 794 1117 ipsi
828 1033 956 1116 pagani
989 1034 1195 1098 necessitate
1230 1034 1409 1099 constricti
1418 1045 1510 1097 *amc

236 1123 474 1189 vociferabant
503 1123 594 1186 inter
624 1141 675 1198 se,
712 1121 889 1185 civitatem
922 1122 1032 1205 ipsam
1067 1122 1170 1186 simul
1200 1143 1279 1187 oum
1307 1122 1409 1207 plebe

237 1213 441 1296 quantocius
464 1211 501 1275 in
524 1210 677 1274 abissum
699 1210 958 1291 dimergendam
987 1209 1071 1287 fore,
1103 1210 1178 1275 Deo
1209 1211 1410 1275 christiano·

235 1322 314 1364 rum
336 1321 398 1384 pro
422 1299 491 1363 suis
514 1301 703 1382 pugnante.
750 1296 826 1376 Quo
856 1301 952 1362 motu
974 1299 1095 1362 mortis
1118 1300 1188 1362 dux
1210 1299 1270 1364 illc
1294 1300 1338 1364 ab
1361 1299 1409 1362 in·

236 1388 392 1453 tentione
416 1387 523 1451 animi
547 1387 600 1450 sui
622 1389 812 1463 revocatur,
836 1406 982 1468 moxque
1005 1387 1109 1451 maris
1133 1388 1316 1451 commotio
1339 1387 1409 1472 pla·

238 1480 345 1554 catur,
370 1475 567 1540 christianis
591 1475 741 1539 abeundi
764 1474 914 1538 facultas
938 1475 1149 1539 conceditur.
1191 1475 1304 1560 Variis
1328 1495 1409 1559 ergo

236 1564 521 1629 tribulationibus
557 1567 592 1628 et
622 1563 791 1646 angustiis
820 1563 950 1639 vexati,
985 1583 1046 1647 per
1079 1567 1191 1627 totam
1225 1565 1410 1648 paganiam

236 1655 379 1718 tandem
401 1654 547 1718 veniunt
570 1653 614 1716 ad
637 1651 758 1716 urbem
781 1649 1004 1715 Caesareaml
1030 1652 1254 1728 nominatam,
1285 1652 1346 1716 ubi
1374 1655 1410 1716 et

122 1761 360 1807 usamccnam
389 1741 531 1805 Domini
561 1739 799 1816 celebrabant,
836 1757 923 1821 quac
957 1739 1018 1803 illo
1053 1760 1144 1804 anno
1174 1740 1296 1804 VIHI.
1328 1739 1409 1804 Kal.

237 1830 368 1915 Aprilis
383 1829 595 1894 occurrebat.
630 1827 746 1891 Etiam
762 1827 859 1910 quasi
882 1827 1036 1911 pericula
1059 1832 1185 1892 cuncta
1207 1849 1243 1893 se
1264 1830 1410 1894 evasisse

238 1918 514 2002 gratulabantur,
539 1917 701 1999 quoniam
723 1916 805 1978 hinc
827 1935 936 1997 usquc
956 1916 1000 1979 ad
1015 1917 1231 1982 Iberusalem
1245 1938 1316 1981 non
1331 1916 1410 2001 plus

238 2026 342 2089 quam
365 2007 472 2069 duum
496 2006 629 2069 dicrum
650 2005 717 2068 iter
738 2006 967 2086 computatur.
1013 2005 1136 2086 Altera
1151 2009 1268 2069 autem
1284 2007 1348 2084 die,
1373 2006 1410 2070 id

123 2113 229 2158 mass.
239 2097 292 2159 est
321 2095 359 2157 in
387 2097 587 2178 parazave⁸,
623 2095 708 2156 hora
737 2092 806 2156 dici
835 2111 923 2175 pene
954 2094 1105 2156 secunda
1114 2095 1135 2170 ²,
1167 2113 1245 2158 cum
1275 2095 1410 2176 egrede-

238 2185 358 2247 rentur
382 2179 615 2266 Oapharsala³
637 2182 760 2257 vicum,
792 2180 907 2244 subito
936 2179 1088 2245 incidere
1118 2183 1155 2245 in
1182 2203 1304 2246 manus
1328 2184 1410 2246 Ara-

174 2271 399 2348 ccabitarum,
424 2271 484 2353 qui
507 2291 586 2334 mox
606 2274 648 2333 ut
670 2269 744 2353 lupi
767 2269 956 2333 esurientes
980 2268 1041 2333 diu
1064 2271 1294 2334 desideratam
1316 2290 1410 2355 prae

240 2359 320 2424 dam
349 2379 451 2443 super
481 2378 538 2422 eos
567 2357 767 2422 insiliebant
798 2361 832 2422 et
862 2358 988 2441 primos
1020 2378 1171 2440 quosque
1201 2359 1409 2423 dilaniantes

238 2448 481 2512 miserabiliter
503 2445 735 2510 trucidabant.
781 2445 902 2509 Nostri
924 2449 1041 2510 autem
1062 2447 1173 2530 primo
1190 2447 1410 2531 temptabant

238 2537 406 2612 resistcre,
438 2535 498 2598 sed
528 2534 639 2610 citius,
669 2537 711 2596 ut
740 2534 896 2610 inermes,
928 2534 1098 2617 compulsi
1126 2540 1206 2599 sunt
1235 2536 1273 2599 in
1295 2536 1410 2599 vicum

238 2624 406 2706 refugere.
443 2621 575 2700 Quibus
590 2620 806 2703 fugientibus
823 2625 972 2704 quantae
995 2622 1045 2686 ibi
1059 2623 1208 2688 fuissent
1231 2625 1410 2687 hominum

239 2713 348 2788 cedes,
372 2730 476 2792 quam
498 2711 699 2772 innumerae
714 2710 834 2773 mortis
858 2710 996 2793 species,
1021 2716 1171 2794 quantae
1194 2712 1410 2776 calamitates

239 2802 274 2863 et
298 2799 463 2876 miseriae,
489 2799 564 2880 quis
586 2796 703 2861 valeat
725 2797 837 2862 verbis
861 2798 1055 2882 explicare?
1100 2799 1156 2863 Ibi
1180 2819 1260 2882 ergo
1284 2801 1409 2883 episco-

238 2907 303 2970 pus
319 2879 566 2950 traiectensisb
582 2885 765 2949 Wilelmus
789 2886 940 2968 graviter
962 2887 1173 2966 vulneratur,
1198 2891 1234 2952 ct
1256 2888 1410 2952 vestibus

239 2975 372 3038 cunctis
395 2978 518 3039 exutus
543 2995 621 3038 cum
644 2974 720 3038 aliis
743 2975 873 3052 multis,
897 2974 1084 3040 miserabili
1107 2977 1208 3040 modo
1233 2977 1349 3054 caesis,
1372 2978 1410 3040 in

238 3066 332 3127 terra
354 3063 470 3127 iacens
493 3063 692 3126 dimittitur.
738 3063 877 3146 Reliqui
900 3066 1017 3128 autem
1040 3067 1110 3128 tres
1134 3065 1284 3149 episcopi
1308 3066 1411 3128 simul

239 3171 318 3214 cum
353 3150 564 3215 diversarum
598 3152 755 3234 gentium
789 3173 860 3215 non
893 3171 999 3235 parva
1027 3153 1253 3218 multitudine
1283 3154 1411 3216 atrium

239 3240 412 3323 quoddam
443 3244 618 3303 muratum
648 3240 800 3321 duasque
834 3243 946 3303 turres
979 3240 1134 3324 lapideas
1169 3240 1408 3324 occupaveref,

239 3329 371 3405 exinde,
402 3329 567 3410 quamdiu
590 3327 684 3391 Deus
715 3328 827 3405 daret,
857 3329 970 3412 parati
1000 3348 1035 3392 se
1064 3329 1258 3393 defendere.
1304 3324 1411 3392 P'orta

239 3420 356 3480 autem
379 3417 459 3480 atrii
481 3415 583 3479 nimis
607 3418 754 3498 angusta
777 3420 860 3493 crat,
885 3436 925 3480 ac
948 3417 1048 3481 hoste
1064 3417 1284 3482 imminente⁰
1306 3437 1411 3481 onera

239 3523 404 3587 equorum
428 3505 597 3588 deponere
613 3525 683 3567 non
698 3503 878 3581 valebant;
902 3505 1047 3586 ideoque
1070 3506 1295 3589 perdiderunt
1319 3505 1411 3589 ipsos

239 3612 344 3674 equos
374 3596 410 3656 ct
439 3592 550 3656 mulos
586 3612 664 3656 oum
694 3592 869 3670 omnibus,
905 3613 993 3675 quae
1026 3593 1224 3677 portabant.
1278 3593 1411 3672 Quibus

239 3681 355 3744 hostes
379 3679 496 3744 divisis
519 3681 610 3746 inter
633 3701 678 3758 se,
702 3701 781 3744 mox
804 3681 895 3765 ipsos
918 3683 1142 3764 pecuniarum
1159 3683 1315 3746 dominos
1338 3703 1412 3765 pro·

238 3767 407 3852 perabant
431 3768 641 3851 extinguere.
688 3768 839 3832 Econtra
868 3769 921 3832 illi
951 3790 1046 3834 arma
1074 3770 1282 3848 iudicantes,
1314 3789 1412 3852 quae-

238 3976 261 4024 s)
274 3975 306 4013 sic
319 3985 337 4018 c.
390 3975 414 4024 b)
428 3975 579 4016 Treiectonsis
593 3987 610 4018 c.
664 3977 685 4024 c)
699 3975 808 4016 iminonto
822 3987 839 4019 c.

239 4150 266 4220 1)
282 4152 440 4206 Kaisaricb.
500 4153 528 4220 2)
546 4151 625 4205 Circa
642 4150 757 4204 terciam
776 4149 830 4204 diei
847 4149 952 4217 horam,
971 4152 1137 4207 Lambertcs.
1201 4152 1228 4222 3)
1246 4147 1411 4204 Carvasalim

237 4223 385 4275 Marianas
396 4223 507 4278 Scottus.
536 4223 712 4275 Choborzcbc
730 4224 782 4275 sive
794 4223 952 4290 Antipatris
968 4225 1095 4292 oppidum
1112 4225 1234 4292 antiquis
1251 4223 1412 4290 temporibus

237 4295 436 4361 nominabatur,
462 4310 532 4346 nunc
555 4295 628 4358 chr
645 4293 718 4344 soba
742 4293 836 4355 oudin
860 4308 914 4346 non
937 4301 975 4346 cst
999 4295 1177 4362 Gopcrrrcurn,
1202 4301 1232 4346 ct
1252 4293 1412 4346 Lambcrtus

238 4365 292 4416 siba·
305 4367 450 4432 pararat.
520 4364 548 4432 4)
564 4362 677 4416 Atrium
695 4362 834 4430 quoddam
852 4367 996 4433 occupant,
1014 4365 1181 4420 Lcmdcrrcs.
