3270 5028
321 428 464 489 ANNAL.
477 429 679 488 RATISBON.
691 431 827 488 MAIOR.
840 430 1122 488 FRAGMENTUM.
1150 432 1185 488 A.
1199 435 1277 489 1085.
1354 436 1391 490 89

212 612 438 676 occideretur.
484 612 561 676 Hec
585 633 666 696 ergo
689 613 875 697 imperator
899 634 1116 697 cognoscem,
1141 618 1222 680 ante
1247 616 1389 697 quadra·

212 701 378 783 gesimale
405 705 541 784 tempus
571 701 716 784 prefatis
740 703 907 786 episcopis
931 703 1031 767 malis
1054 702 1187 786 legatos
1211 723 1289 768 suos
1313 705 1389 766 mit-

212 792 300 865 tens,
326 809 383 853 eos
407 793 485 872 post
508 791 769 871 quatuordecim
792 791 864 854 dies
887 790 1059 874 paschalis
1074 791 1157 856 festi
1172 791 1388 874 Mogontiam

214 879 258 940 ad
281 877 477 960 generalem
501 879 670 961 synodum
684 879 801 942 venire
816 879 1014 962 imperavit;
1039 880 1132 962 quod
1154 879 1184 942 si
1206 901 1277 944 non
1299 881 1388 944 face-

211 970 300 1043 rent,
325 967 484 1049 paenitus
506 966 586 1029 illos
609 986 651 1030 ex
673 967 802 1030 iudicio
824 987 933 1051 papae
951 966 1160 1032 Clementis1
1183 972 1219 1032 91
1241 969 1389 1033 aliorum

213 1055 449 1138 episcoporum
484 1054 703 1137 deponendos
738 1074 810 1119 esse
846 1055 889 1118 ab
924 1056 1104 1140 episcopiis
1138 1057 1386 1135 interminavit.

212 1143 292 1227 Ipse
315 1163 395 1207 vero
419 1147 602 1226 postquam
616 1144 744 1226 pascha
760 1142 902 1207 Domini
916 1144 1126 1228 Ratisponae
1149 1144 1385 1223 sabbatizavit,
1397 1165 1493 1216 sparo.

212 1233 257 1295 ad
281 1233 475 1295 condictam
498 1231 667 1315 synodum
690 1252 769 1295 cum
791 1233 909 1296 domni
932 1232 1112 1316 apostolici
1133 1233 1297 1297 Romanis
1320 1233 1387 1317 epi·

212 1321 323 1402 scopis
353 1320 642 1402 multisque‘cum
665 1321 734 1384 suis
757 1321 968 1404 perveniens,
1000 1321 1132 1386 emulos
1161 1341 1240 1386 suos
1269 1323 1386 1386 triduo

212 1409 416 1491 expectavit.
464 1406 532 1486 Qui
562 1409 646 1472 dum
672 1409 872 1491 Mogontiae
902 1413 1016 1473 essent
1046 1413 1081 1475 et
1111 1411 1148 1473 in
1177 1411 1387 1494 presentiam

212 1496 386 1580 synodalis
410 1497 548 1560 concilii
570 1497 686 1561 venire
709 1497 912 1574 noluissent,
942 1499 1128 1581 imperator
1156 1518 1197 1563 ex
1219 1499 1387 1562 Romano·

210 1606 288 1648 rum
312 1585 525 1667 aliorumque
547 1586 751 1670 pontificum
773 1586 910 1650 iudiciis
926 1587 1064 1650 eosdem
1086 1586 1152 1651 sibi
1167 1588 1386 1651 adversantes

212 1675 387 1757 episcopos
422 1675 730 1738 excommunicavit
761 1678 797 1738 et
826 1695 945 1738 eorum
973 1675 1196 1758 pontificatus
1227 1675 1386 1740 fidelibus

211 1763 281 1825 suis
305 1763 437 1826 clericis
461 1763 723 1827 commendavit.
769 1762 853 1827 Post
876 1763 965 1826 hanc
989 1765 1157 1846 synodum
1179 1763 1387 1846 generaliter

212 1851 260 1914 sic
290 1854 480 1934 peractam,
514 1851 668 1934 quamvis
697 1852 735 1914 in
765 1851 886 1916 diebus
914 1853 1135 1934 rogationum
1164 1871 1254 1936 papa
1283 1852 1531 1916 Hilti-uase-ss.

211 1939 363 2003 brandus
397 1943 601 2017 moreretur,
640 1939 758 2003 nullus
791 1943 909 2004 tamen
944 1941 987 2004 de
1021 1940 1188 2024 episcopis
1222 1941 1385 2024 predictis
1396 1961 1489 2003 119119.

211 2029 356 2104 studuit,
380 2031 421 2090 ut
437 2029 585 2111 gratiam
600 2029 817 2112 imperatoris
834 2032 1108 2111 consequeretur.
1154 2029 1234 2112 Ipse
1250 2048 1385 2111 quoque

210 2137 301 2199 papa
323 2118 360 2179 in
383 2117 543 2181 extremis
566 2118 637 2180 suis
660 2136 777 2180 omnes
801 2137 822 2179 a
845 2137 881 2182 se
904 2117 1215 2181 excommunicatos
1230 2137 1309 2181 vere
1330 2117 1386 2182 ab·

211 2204 315 2268 solvit
338 2205 381 2268 de
405 2204 607 2288 episcopalis
630 2205 737 2288 panni
760 2204 981 2287 obligatione,
1013 2205 1106 2287 quod
1129 2205 1280 2288 episcopi
1302 2205 1384 2283 eius,

212 2294 296 2356 dum
310 2293 440 2356 viveret
463 2312 567 2356 sanus
583 2292 706 2369 adhuc,
731 2312 902 2376 sequaces,
926 2296 1011 2356 tunc
1035 2294 1172 2374 quando
1196 2292 1291 2370 obiit,
1316 2314 1387 2357 non

213 2381 400 2456 credentes,
429 2382 523 2465 prius
548 2380 590 2444 ab
615 2401 655 2445 eo
679 2381 849 2464 obligatos
877 2382 1102 2465 permansisse
1123 2381 1326 2445 fatebantur
1348 2381 1386 2445 11

211 2469 574 2533 excommunicatione.
610 2469 781 2534 Dixerunt
797 2470 912 2543 etiam,
928 2469 1171 2554 imperatorem
1187 2489 1265 2534 cum
1281 2470 1386 2533 omni·

210 2557 275 2622 bus
299 2558 369 2621 suis
392 2577 465 2622 esse
481 2559 824 2636 excommunicatum,
848 2559 951 2636 unde,
976 2559 1005 2623 si
1028 2559 1060 2622 ei
1084 2557 1384 2636 humiliarentur⁸‚

212 2646 414 2723 credebant,
449 2667 485 2711 se
515 2647 689 2712 incurrere
720 2666 824 2731 grave
853 2650 1043 2732 peccatum.
1096 2646 1232 2712 Horum
1265 2647 1385 2711 nenias

209 2735 396 2818 imperator
425 2755 598 2819 spernens
629 2736 667 2799 in
690 2739 811 2800 eadem
834 2739 965 2800 aestate
989 2737 1034 2799 ad
1058 2735 1208 2799 Saxones
1232 2755 1310 2799 cum
1334 2755 1386 2798 ex-

211 2825 322 2888 ercitu
353 2825 564 2907 perveniens,
596 2825 783 2888 honorifice
807 2824 850 2888 ab
874 2825 923 2888 eis
954 2845 1032 2887 cum
1062 2825 1156 2888 omni
1186 2816 1381 2889 deditioneb

211 2915 390 2994 susceptus
406 2915 468 2987 est,
493 2916 528 2976 et
545 2912 709 2988 Herman,
734 2932 835 2994 quem
858 2912 952 2996 prius
975 2931 1092 2995 regem
1111 2910 1316 2988 habuerunt,
1342 2911 1384 2976 ab

211 3000 294 3082 ipsis
318 3019 396 3063 cum
419 3001 612 3063 iuramento
637 3001 789 3064 deiectus
813 3004 876 3064 est.
911 3000 1041 3064 Verum
1064 3001 1147 3064 dum
1169 3019 1230 3084 per
1253 2999 1386 3082 aliquot

211 3107 344 3151 menses
368 3087 509 3170 pacifice
526 3108 604 3151 cum
619 3087 730 3151 multa
751 3088 862 3170 gloria
884 3090 978 3172 apud
999 3087 1078 3152 illos
1100 3089 1225 3152 finisset
1248 3091 1283 3152 et
1306 3109 1386 3170 quo-

210 3177 358 3239 rundam
382 3175 523 3239 consilio
547 3177 734 3240 exercitum
748 3177 936 3260 repatriare
951 3177 1170 3261 permisisset,
1195 3178 1380 3258 quosdame

210 3265 405 3347 presidatus
437 3265 528 3328 inter
557 3264 648 3347 ipsos
679 3263 806 3346 absque
836 3285 955 3329 eorum
989 3285 1156 3329 consensu
1190 3268 1385 3348 permutare

210 3353 338 3429 voluit;
369 3354 462 3416 unde
490 3356 610 3436 postea
632 3352 734 3415 nimis
759 3352 880 3417 doluit.
927 3353 1026 3416 Prius
1050 3373 1130 3436 ergo
1154 3352 1224 3415 illis
1248 3372 1385 3416 consen·

210 3441 378 3506 tientibus
412 3442 449 3504 in
484 3441 633 3505 Saxonia
666 3441 889 3524 pontificatus
924 3441 989 3506 sibi
1023 3440 1284 3505 adversantibus
1319 3441 1385 3524 epi-

211 3530 321 3612 scopis
350 3529 509 3594 auferens
533 3533 568 3594 et
592 3530 624 3594 ei
647 3529 794 3594 subditis
823 3529 954 3593 clericis
983 3529 1148 3604 tribuens,
1180 3530 1264 3593 dum
1293 3549 1385 3593 secu·

211 3616 300 3681 lares
324 3613 462 3681 eorum‘1
488 3621 678 3702 potestates
705 3617 813 3682 vellet
842 3617 1000 3683 similiter
1029 3621 1241 3700 permutare,
1278 3619 1386 3682 sensit

210 3725 316 3789 prope
329 3725 446 3769 omnes
465 3707 635 3791 principes
649 3706 833 3770 Saxonicos
846 3707 1026 3771 adversum
1045 3725 1081 3769 se
1094 3706 1282 3770 coniurare.
1306 3705 1384 3770 Hac

210 3814 272 3944 pro
297 3813 399 3856 causa
422 3798 561 3857 coactus
585 3798 638 3858 est
661 3794 796 3859 occulte
819 3794 986 3878 inglorius
1011 3814 1089 3858 cum
1112 3795 1181 3858 suis
1203 3795 1330 3858 reverti
1347 3795 1385 3858 in

240 3881 398 3958 rantiam,
428 3883 527 3946 91119
555 3883 674 3947 volens
703 3883 859 3948 celeriter
887 3884 1072 3946 remeando
1104 3884 1281 3948 devastare
1306 3903 1384 3948 cum

211 3970 382 4035 9119191111θ
412 3968 585 4033 Saxonum
614 3971 831 4055 provintiam.
878 3970 1063 4035 Pontifices
1091 3991 1171 4036 vero
1198 3974 1284 4034 tune
1308 3991 1384 4036 con·

210 4174 233 4224 a)
247 4173 361 4212 humiliari
376 4174 430 4212 911111
443 4174 528 4212 ridetur
543 4175 567 4212 td
580 4175 637 4224 quad
651 4175 741 4216 Graecis
753 4167 843 4221 ὁμιλεῖν.
902 4175 926 4225 b)
940 4173 1078 4214 dediticionc
1092 4186 1109 4217 c.
1169 4175 1191 4226 c)
1204 4173 1312 4224 quasdam
1326 4187 1386 4219 corr.

210 4225 319 4275 quosdam
333 4238 349 4269 9.
404 4225 427 4274 d)
443 4237 519 4266 eorum
530 4231 582 4276 post
597 4229 647 4269 aad.
662 4240 681 4270 9.
735 4231 756 4276 9)
767 4240 786 4270 c.
800 4233 881 4278 99911
896 4229 978 4270 1111119.

212 4385 239 4451 l)
257 4386 373 4438 Clemens
390 4387 445 4442 ΙΙΙ.
464 4389 605 4454 antipapa,
625 4393 704 4438 aatca
721 4388 853 4440 Wibartus
870 4387 1084 4456 archiepiscopus
1102 4388 1251 4440 Ravennae.
