3268 5036
242 402 279 458 86
420 397 602 454 manes
619 396 874 454 uramara
892 396 1075 455 MAIORES.
1111 397 1147 454 A.
1160 399 1239 455 1044.

242 586 324 648 rant
345 577 534 665 'fugerunt
581 580 638 646 Sic
659 581 874 646 nostratibus
897 585 950 646 est
967 581 1024 646 via
1046 580 1224 665 patefacta
1246 584 1282 646 et
1304 580 1417 644 multa
1427 604 1461 652 a.
1469 605 1522 646 soo.

243 670 448 736 victualium
481 671 610 754 praeda
642 669 775 734 relicta
827 668 949 735 Tereia
979 671 1118 734 demum
1148 670 1204 734 die
1232 673 1311 753 post
1341 689 1417 734 con·

244 760 377 824 dictum
405 757 584 842 praelium,
615 778 694 822 cum
722 758 824 842 primi
853 762 1050 823 nostrorum
1077 758 1267 822 transirent
1293 757 1418 822 Rheba

243 847 423 924 fluvium¹,
455 867 533 912 ecoe
563 847 763 912 innumerae
793 846 883 912 acies
913 851 1124 912 armatorum
1153 846 1287 910 eminus
1317 866 1417 930 appa·

243 940 357 1013 rent⁸,
381 936 441 1019 qui
456 955 616 1019 campum
631 934 847 1012 latissimum,
871 936 970 1018 quasi
985 935 1072 1000 silva
1086 935 1320 1012 succrevisset,
1341 954 1418 1018 ope

243 1028 399 1090 ruerunt.
446 1022 502 1088 Sic
525 1023 639 1108 parati
662 1023 875 1107 paucitatem
893 1028 1089 1088 nostrorum
1104 1022 1175 1088 suis
1191 1024 1297 1107 copiis
1319 1024 1417 1086 undi-

244 1133 311 1195 quc
323 1105 619 1187 circumvallantl,
636 1116 678 1176 nt
692 1110 811 1175 nullus
827 1131 945 1176 eorum
961 1112 1078 1198 saltim
1092 1112 1259 1195 fugiendo
1271 1115 1417 1176 mortem

244 1205 360 1286 posset
382 1199 565 1266 declinare.
611 1199 681 1264 Sed
703 1199 808 1276 Deus,
832 1201 891 1282 qui
913 1200 1004 1264 nihil
1027 1200 1174 1265 dimittit
1196 1200 1417 1284 impunitum,

244 1290 337 1372 quod
360 1289 430 1352 suis
453 1287 562 1352 oculis
584 1289 723 1352 videtur
749 1289 916 1372 iniquum,
947 1289 1120 1353 iusticiam
1150 1292 1352 1354 convertens
1379 1289 1417 1351 in

244 1378 420 1454 indicium,
451 1396 588 1442 omnem
615 1376 756 1442 illorum
784 1378 1014 1442 intentionem
1035 1378 1171 1461 redegit
1196 1378 1235 1440 in
1256 1377 1416 1454 nihilum,

245 1470 281 1532 et
303 1466 468 1548 quioquid
490 1466 535 1530 ad
554 1469 769 1530 nostrorum⁰
790 1466 1015 1530 instituerant
1039 1465 1286 1550 deceptionem,
1309 1469 1418 1530 trans·

245 1553 357 1619 latum
386 1558 440 1618 est
468 1555 506 1617 in
536 1573 654 1618 eorum
683 1554 922 1638 perditionem.
978 1554 1133 1637 Dignum
1162 1549 1249 1618 hoc‘¹
1282 1574 1417 1637 quoque

244 1643 362 1708 fuerat
385 1643 452 1707 Dei
474 1643 611 1718 iudicio,
635 1646 769 1707 utnon
791 1643 886 1726 prius
908 1642 1190 1707 reconciliaretur
1211 1642 1275 1708 illa
1296 1661 1418 1725 regum

246 1732 438 1808 commotio,
470 1751 574 1814 quarn
597 1731 736 1795 illorum
758 1731 871 1796 multo
893 1731 1090 1815 expiaretur
1113 1751 1241 1808 cruore,
1272 1751 1418 1813 quorum

76 1840 236 1890 nazaraea.
245 1819 385 1904 incepta
413 1824 467 1884 est
494 1819 622 1895 furore,
652 1819 743 1901 quia,
773 1817 917 1899 quaqua
943 1818 1087 1899 gladium
1109 1817 1270 1899 accepera,
1298 1818 1416 1900 ptrdio,

246 1909 335 1972 sicut
365 1909 451 1972 dicit
479 1909 554 1991 ipsa
581 1908 725 1983 veritas,
754 1905 884 1987 pentir
938 1907 1092 1972 (laeteris
1121 1908 1226 1972 etiam
1255 1907 1418 1991 gentibus

245 2015 306 2080 per
339 1995 451 2060 latum
482 1994 574 2059 orbis
608 1996 763 2079 spacium
796 1996 1003 2078 degentibus
1037 1993 1232 2080 exemplum
1266 1997 1308 2060 de
1342 1997 1417 2060 istis

246 2085 409 2167 dignatus
439 2087 491 2148 est
519 2103 580 2148 rex
611 2103 732 2167 regum
762 2086 861 2161 dare,
898 2082 1048 2167 qualiter
1081 2085 1244 2169 primates
1274 2104 1352 2148 suos
1382 2089 1419 2148 et

103 2195 165 2237 nam.
174 2195 207 2244 ιε,
217 2197 235 2237 1.
245 2173 391 2237 maxime
413 2192 511 2256 reges
527 2173 677 2237 debeant
700 2174 878 2249 bonorare,
903 2194 981 2238 cnm
1002 2194 1073 2237 non
1096 2174 1141 2237 sit
1164 2177 1326 2257 potestas,
1350 2174 1418 2237 nisi

246 2281 266 2326 a
289 2261 448 2338 Domino,
478 2265 520 2325 ut
547 2265 698 2326 testatur
727 2265 848 2326 sancta
876 2262 991 2327 lectio.
1037 2262 1152 2345 Igitur
1178 2281 1219 2326 eo
1242 2263 1308 2338 die,
1339 2281 1418 2325 cum

244 2349 375 2415 vellent
398 2349 592 2433 confligere,
616 2354 657 2415 ut
684 2371 788 2434 supra
811 2351 967 2428 diximus,
994 2354 1139 2433 uterque
1161 2349 1320 2434 populus,
1344 2353 1419 2414 tan·

243 2442 321 2502 tum
343 2459 550 2522 progressus,
577 2443 620 2502 ut
641 2439 755 2504 facilis
778 2440 926 2503 invicem
949 2442 1039 2503 esset
1061 2442 1272 2523 prospectus,
1301 2439 1417 2504 tenuis

244 2527 432 2602 nubecula,
467 2527 504 2590 id
534 2531 587 2591 est
619 2525 767 2592 caeleste
802 2527 954 2608 signum,
990 2527 1186 2610 adparuit0,
1222 2546 1306 2609 quos
1341 2547 1418 2611 apo-

245 2615 397 2691 stolicus,
428 2634 601 2679 successor
631 2614 725 2678 beati
754 2614 863 2688 Petri,
895 2633 936 2678 eo
965 2616 1057 2696 quod
1086 2635 1204 2698 regem
1233 2636 1334 2680 suum
1363 2617 1418 2680 de

245 2704 485 2779 honestarunt,
515 2703 585 2766 ianr
614 2702 747 2786 pridem
776 2696 1084 2766 anathemizaratf.
1130 2703 1176 2767 Elt
1205 2723 1283 2770 ecce
1313 2704 1418 2768 turbo

244 2792 428 2855 vehemens
466 2811 507 2856 ex
545 2794 642 2874 parte
679 2790 887 2854 nostratium
924 2794 1020 2854 ortus
1058 2790 1237 2875 pulverem
1272 2793 1417 2856 nimium

245 2879 517 2943 adversariorum
553 2879 698 2961 ingessit
731 2878 911 2942 obtutibus
921 2879 943 2941 ².
1000 2879 1077 2944 Hoc
1115 2881 1251 2957 sedato,
1291 2882 1416 2946 nostris

244 2966 433 3031 Dominum
465 2966 706 3032 invocantibus
741 2970 776 3031 et
809 2966 879 3031 illis
914 2971 1055 3033 econtra
1088 2969 1265 3034 incondite
1294 2969 1417 3034 vocito*

244 3054 412 3132 rantibus,
436 3075 554 3140 pugna
575 3055 677 3119 nimis
701 3059 799 3121 atrox
820 3055 1005 3120 inchoatur
1028 3061 1064 3122 et
1086 3072 1220 3122 summa
1242 3059 1277 3122 vi
1298 3058 1417 3122 utrim·

167 3130 311 3227 ¹¹5¹,ssjque
335 3145 542 3208 decertatur.
587 3143 679 3208 Nam
701 3143 763 3208 illo
787 3145 897 3228 primo
921 3163 1105 3230 congressu
1126 3146 1266 3211 fortiter
1283 3147 1416 3212 resiste-

247 3232 341 3309 bant,
371 3232 453 3314 quia
483 3232 677 3314 aliquorum
703 3232 747 3297 de
770 3232 930 3298 Baioaria
956 3233 1188 3317 legationibus
1210 3235 1293 3300 freti
1317 3239 1417 3300 erant

246 3321 288 3386 de
304 3325 441 3386 nostrae
457 3320 691 3386 multitudinis
706 3321 851 3386 raritate
874 3325 910 3386 et
925 3323 978 3386 sui
994 3323 1163 3388 exercitus
1178 3323 1415 3388 multitudine.

245 3410 433 3493 Postquam
461 3429 541 3474 vero
572 3429 607 3474 se
634 3411 796 3474 viderunt
825 3410 1126 3476 inaestimabiliter
1155 3412 1287 3490 cadere,
1316 3415 1417 3494 terga

244 3502 378 3563 vertere
408 3503 443 3563 et
473 3499 616 3562 cedereg
648 3502 829 3582 ceperunt,
865 3501 901 3562 et
929 3492 1009 3564 isti¹¹
1041 3499 1151 3564 ferme
1180 3520 1237 3564 eos
1267 3518 1329 3584 per
1357 3519 1416 3564 sex

244 3585 394 3651 miliaria
422 3587 571 3652 insecuti
596 3589 678 3650 sunt
700 3586 886 3670 fugientes.
931 3587 1071 3653 Terram
1100 3588 1288 3652 innumeris
1319 3589 1416 3653 oada-

245 3741 267 3788 a)
276 3741 320 3789 tear
329 3745 484 3792 apparuerunt
492 3744 507 3789 (r
513 3741 665 3792 operuerant).
675 3740 740 3784 Η,·Ε.
776 3740 800 3789 b)
809 3743 861 3784 circ.
869 3739 969 3791 undique
978 3741 994 3793 (ι
1000 3739 1123 3790 declinare)
1132 3743 1243 3790 legendum
1250 3743 1340 3785 videtur,
1349 3741 1415 3785 H.·E.

245 3793 403 3844 c)tston1mc,
471 3792 495 3843 d)
513 3795 557 3834 huc
574 3805 592 3836 c.
660 3793 681 3845 e)
698 3794 726 3833 iis
745 3795 823 3833 aalma
840 3795 904 3844 (tica,
924 3799 1013 3844 utputo
1027 3807 1075 3834 cum
1090 3797 1221 3846 dtrwrocrto,
1239 3797 1305 3835 mbo
1318 3806 1374 3845 qnos
1389 3817 1416 3826 -

245 3848 424 3887 anathemizarst
433 3851 485 3896 poet
499 3847 615 3888 obtutibus
630 3857 673 3886 esec
687 3848 820 3890 collocanda.
874 3848 928 3898 oin
937 3859 1008 3896 marg.
1018 3849 1129 3890 additum:
1143 3847 1274 3892 devoverat.
1327 3849 1350 3900 g)
1364 3860 1415 3888 cae·

245 3898 299 3940 ders
313 3911 329 3942 c.
384 3901 408 3947 h)
421 3901 518 3948 forsitan
531 3901 597 3939 ctiam
611 3901 650 3940 too
665 3902 712 3940 loco
726 3902 797 3941 nostri
810 3901 962 3949 corrr'pcndum
974 3903 1010 3944 stt.

246 4004 272 4072 1)
289 4005 375 4060 Roob.
412 4005 454 4069 Of.
472 4005 576 4060 Herim.
595 4007 666 4071 Aug.
773 4005 802 4073 2)
819 4003 1004 4059 Tradiderunt
1021 4005 1174 4073 Teutonici,
1196 4007 1278 4075 quod,
1297 4023 1360 4061 cum
1379 4006 1414 4059 ad

243 4074 379 4143 proelium
403 4076 681 4144 appropinquassent,
710 4092 773 4130 cum
797 4075 908 4130 coelesti
931 4076 1009 4145 signo
1036 4077 1137 4132 nebula
1163 4078 1252 4132 tenuis
1280 4078 1416 4146 apparuit,

244 4146 379 4212 turboque
396 4145 543 4199 vehemens
569 4146 698 4199 divinitus
722 4147 850 4200 incitatus
874 4147 1025 4202 terribilem
1046 4148 1188 4217 pulverem
1212 4149 1352 4202 obtutibus
1373 4149 1414 4200 in·

243 4217 327 4284 gessit
338 4215 548 4285 Hungsrorum3
567 4235 635 4285 quos
652 4218 708 4270 iam
721 4218 836 4286 pridem,
855 4223 887 4271 ut
899 4217 1006 4288 dicitur,
1025 4221 1090 4288 quia
1101 4219 1216 4273 Petrum
1228 4235 1308 4273 suum
1320 4235 1414 4288 rogem

244 4287 501 4356 dehonestaverant,
531 4289 657 4342 dominus
685 4289 849 4357 apostolicus
874 4290 1048 4346 anathemate
1076 4291 1253 4344 damnaverat
1282 4287 1414 4346 feriendo.

247 4361 372 4413 rtwrooz
385 4378 415 4428 p.
428 4361 489 4415 125.
