3270 5028
221 374 257 428 88
292 369 436 427 ANNAL.
449 369 650 428 RATISBON.
663 368 799 426 MAIOR.
812 368 1093 425 FRAGMENTUM.
1121 370 1157 426 A.
1169 374 1336 428 1084.1085.

224 555 306 617 dum
322 553 423 616 Italis
446 552 636 617 retribuere
659 553 754 617 haud
776 552 908 617 valeret
931 573 973 617 ex
998 547 1087 635 [sulis
1103 554 1248 636 propriis
1264 516 1397 637 opibus,

223 641 358 704 studuit
381 642 443 705 has
468 640 629 723 colligere
653 643 696 705 de
722 635 905 724 [sulbicotis
929 641 995 706 sibi
1019 642 1185 724 episcopis
1210 644 1246 705 et
1269 641 1398 705 abbati-

222 729 287 793 bus
317 729 461 814 aliisque
491 730 561 793 suis
592 724 826 813 princilpilbus
857 750 961 813 prope
991 730 1160 794 omnibus.
1211 729 1397 794 Maximam

223 818 330 882 etiam
352 819 535 902 pecuniam
558 819 601 881 de
622 811 950 901 [Raltisponcnsibus
974 821 1078 900 atque
1102 819 1144 882 de
1170 819 1301 882 cunctis
1324 818 1398 883 iere

222 908 259 969 in
281 901 411 989 reglnlo
441 927 504 971 suo
534 906 719 988 adquisivit
751 906 880 970 civibus
911 905 1061 982 urbanis,
1092 907 1185 970 unde
1215 901 1397 988 [adluersus

224 1015 303 1058 eum
318 995 389 1059 late
406 995 574 1059 succrevit
590 995 719 1076 grande
735 994 853 1058 odium
877 998 912 1058 et
938 989 1089 1076 [inlvidia
1111 995 1281 1059 immanis.
1320 994 1398 1059 Hoc

222 1083 297 1166 ipso
321 1104 413 1147 anno
428 1077 726 1165 Mogonltialcensi
749 1082 905 1165 pontifici
923 1082 1087 1164 Sigiirido
1111 1084 1148 1146 in
1164 1083 1397 1148 obstinatione

107 1190 286 1234 remissus
310 1176 430 1235 contra
451 1172 693 1254 imperatorem
717 1171 892 1248 defuncto,
916 1171 1058 1253 quidam
1081 1173 1231 1255 episcopi
1255 1172 1287 1236 ei
1312 1167 1398 1253 [con-

223 1253 400 1340 senltanei,
431 1260 468 1323 id
498 1261 550 1322 est
579 1258 884 1342 Saltzpurgensis1‚
913 1259 1158 1336 Pataviensis2,
1184 1254 1398 1343 Wirlzepurl-

223 1349 337 1430 gensis
345 1348 366 1423 ³,
379 1347 644 1411 Wormaciensis
652 1347 673 1423 4,
691 1347 855 1412 Metensis
865 1347 884 1424 ⁵,
906 1368 983 1411 cum
1000 1348 1206 1430 quibusdam
1223 1348 1397 1412 Saxoniois

224 1436 391 1520 episcopis
421 1435 550 1499 caesari
579 1435 797 1500 rebellabant
828 1436 1005 1500 conamine
1034 1440 1194 1500 cunctoss.
1242 1436 1286 1498 In
1309 1457 1399 1520 papa

224 1525 315 1588 enim
339 1545 399 1588 suo
423 1523 659 1600 Hiltibrando,
690 1524 771 1607 quia
800 1525 914 1588 adhuc
943 1524 1091 1600 vivebat,
1123 1525 1284 1607 magnam
1315 1525 1398 1588 fidu·

225 1614 313 1676 ciam
335 1612 521 1690 habebant,
546 1632 648 1695 quem
670 1613 753 1676 totis
777 1613 843 1676 sibi
865 1613 994 1676 viribus
1018 1612 1134 1678 favere
1159 1613 1323 1677 sciebant.

763 1781 858 1854 1085.

331 1895 543 1957 MLXXXV.
594 1893 676 1958 Nat.
716 1893 857 1958 Domini
883 1895 1069 1979 imperator
1098 1897 1181 1960 dum
1203 1896 1398 1978 Wangione

225 1982 398 2047 celebrare
415 1986 518 2064 atque
534 2002 753 2047 erroneorum
769 1984 1007 2066 episcoporum
1025 1984 1313 2059 machinamenta,
1338 1984 1399 2047 diu

225 2071 484 2155 pontificatibus
521 2091 639 2134 eorum
676 2064 881 2154 episcopalib
917 2073 1134 2156 providentia
1164 2067 1396 2154 delstitlutis0,

226 2163 347 2223 contra
362 2158 477 2223 Deum
500 2162 535 2223 et
559 2163 679 2223 contra
701 2179 736 2223 se
752 2160 880 2224 iniuste
896 2155 1141 2244 multiplicalri]
1160 2164 1396 2244 pertractaret,

225 2247 433 2312 obtimatum
454 2268 593 2311 suorum
610 2249 779 2332 disposuit
803 2249 960 2325 consilio,
985 2251 1025 2312 ut
1044 2249 1153 2313 tantis
1173 2249 1273 2312 malis
1295 2250 1399 2314 finem

225 2337 357 2400 iaceret
388 2357 466 2399 oum
494 2336 561 2401 Dei
589 2337 727 2400 auxilio.
774 2336 931 2419 Denique
956 2338 1116 2415 decrevit,
1140 2342 1180 2401 ut
1203 2337 1396 2414 Wernheri,

225 2428 310 2489 tunc
326 2425 550 2508 Mogontinus
570 2425 613 2488 ab
637 2445 677 2490 eo
702 2425 976 2508 archiepiscopus
1001 2426 1234 2501 constitutus⁶,
1261 2426 1398 2490 caeteri·

226 2533 292 2596 que
316 2515 387 2577 eius
411 2513 530 2577 fideles
554 2514 704 2596 episcopi
727 2517 762 2576 et
786 2513 845 2576 alii
868 2515 1039 2597 principes
1063 2515 1116 2577 sui
1139 2509 1238 2598 postd
1262 2514 1399 2598 epipha-

225 2602 321 2665 niam
343 2601 494 2676 Domini,
524 2601 598 2684 ipso
628 2603 833 2684 imperatore
861 2602 1011 2678 absente,
1044 2623 1122 2666 cum
1145 2603 1288 2685 prefatis
1313 2622 1399 2666 erro·

225 2691 299 2754 neis
324 2689 489 2772 episcopis
514 2692 549 2753 et
573 2709 691 2753 eorum
714 2689 916 2771 sequacibus
934 2690 1143 2772 colloquium
1166 2690 1334 2754 haberent
1356 2691 1398 2753 de

227 2798 267 2842 eo
283 2778 319 2840 in
334 2777 419 2841 villa
436 2775 632 2860 Gerstunga
648 2777 749 2853 dicta,
775 2778 804 2841 si
826 2779 1012 2862 imperator
1035 2779 1160 2862 dignus
1184 2782 1273 2843 esset
1291 2798 1398 2859 regno

226 2887 288 2950 pro
312 2886 374 2928 sua
396 2865 605 2941 innocentia,
630 2865 685 2930 vel
708 2867 737 2929 si
760 2867 850 2930 iuste
873 2867 1096 2950 deponendus
1127 2870 1216 2932 esset
1243 2866 1287 2930 cb
1312 2867 1399 2949 capi·

226 2954 314 3018 talia
348 2954 486 3017 delicta.
533 2953 602 3018 Ubi
636 2955 719 3017 dum
753 2974 858 3038 prope
893 2975 1010 3019 omnes
1045 2975 1087 3019 ex
1120 2959 1266 3037 utraque
1301 2958 1399 3042 parte

228 3043 451 3106 convenirent
486 3046 589 3124 atque
620 3043 859 3126 Mogontiacus
894 3044 1009 3126 presul
1038 3044 1241 3108 Wernheri⁰
1279 3044 1400 3125 suique

227 3131 400 3195 auxiliarii
430 3151 471 3195 ex
500 3132 627 3195 sanctis
653 3132 831 3216 scripturis
854 3132 1027 3196 neminem
1050 3132 1116 3196 nisi
1139 3132 1253 3197 Deum
1276 3131 1400 3196 debere

227 3219 283 3284 vel
306 3221 395 3283 iuste
418 3239 517 3304 posse
541 3239 712 3283 caesarem
736 3221 906 3302 deponere
922 3220 1124 3297 diffinirent,
1150 3220 1336 3284 adversarii
1359 3239 1400 3283 ex

227 3309 324 3372 novis
348 3308 417 3371 suis
440 3309 575 3392 scriptis
592 3308 806 3371 conabantur
821 3308 1063 3393 imperatorem
1078 3301 1326 3392 Hleinricumlf
1351 3327 1400 3372 re·

227 3397 356 3473 futare,
388 3396 503 3479 sicque
533 3397 719 3460 discessum
749 3399 801 3461 est
831 3396 1053 3483 abinvicem
1081 3419 1152 3461 non
1181 3397 1275 3460 iacta
1305 3415 1400 3480 pace,

228 3486 289 3550 sed
313 3489 439 3548 ...01³
465 3484 579 3568 peiore
602 3485 697 3548 facto
721 3486 842 3568 priore,
868 3486 962 3563 adeo,
987 3489 1027 3548 ut
1050 3487 1190 3568 quidam
1214 3485 1401 3548 Saronicus

228 3592 342 3657 preses
372 3572 511 3638 Dietrih
541 3572 709 3637 vocabulo
721 3573 739 3649 ⁷,
777 3594 869 3650 cum,
906 3575 1000 3657 prius
1034 3573 1173 3638 rebellis
1202 3572 1407 3658 imperatori

228 3655 451 3742 Hleinricolf,
476 3662 509 3726 ei
532 3681 574 3726 ex
595 3661 708 3726 verbis
729 3662 929 3726 Wernheris
953 3662 1202 3746 archiepiscopi
1225 3660 1403 3743 subiugari

228 3749 417 3826 moliretur,
454 3751 571 3814 statim
607 3771 628 3813 a
659 3751 729 3814 suis
765 3750 1107 3834 comprovincialibus
1142 3770 1202 3834 per
1236 3749 1403 3813 invidiam

229 3921 251 3973 a)
265 3923 298 3959 ito
311 3933 341 3969 c„·
355 3922 491 3961 coniuncto?
545 3922 568 3973 b)
583 3933 618 3972 ep.
632 3933 666 3971 pr.
680 3923 703 3961 in
717 3933 800 3962 rasura
813 3933 830 3964 o.
881 3921 902 3971 c)
915 3919 1027 3972 deltutis
1041 3934 1058 3964 c.
1113 3920 1136 3974 d)
1150 3933 1172 3972 p.
1186 3933 1206 3964 e.
1216 3923 1244 3964 D.
1254 3925 1306 3970 post
1320 3921 1372 3963 odd.
1386 3931 1403 3962 c.

229 3978 250 4023 e)
264 3973 350 4016 Wernli
365 3986 382 4016 c.
435 3976 495 4023 ΟΗ.
509 3985 526 4017 c.
581 3975 603 4025 g)
617 3974 711 4016 dissidio
725 3977 758 4015 vel
771 3976 842 4015 simus
856 3975 982 4014 vocobulum
996 3976 1067 4025 suppl.
1082 3975 1107 4018 G.

230 4116 257 4184 1)
276 4117 454 4172 &ebehardus
508 4118 536 4184 2)
553 4119 724 4172 Alamannos.
779 4117 806 4184 3)
821 4117 963 4168 Adultera
1017 4116 1045 4182 4)
1056 4117 1228 4171 Adalbcatus.
1282 4117 1309 4182 5)
1322 4116 1404 4166 Heri·

228 4203 352 4241 mannus.
434 4189 461 4255 6)
486 4188 635 4241 aaronem
653 4188 901 4251 Halberstadansa's,
926 4189 982 4238 iam
1000 4204 1025 4240 a.
1047 4189 1125 4242 1084.
1143 4188 1186 4238 die
1204 4188 1230 4241 4.
1251 4187 1304 4240 Oct.
1323 4201 1403 4239 meas.

228 4265 400 4311 mamacas.
492 4260 519 4326 7)
536 4260 576 4310 De
593 4276 643 4326 quo
659 4261 750 4312 comite
765 4257 924 4312 mederico
940 4259 972 4313 da
984 4259 1165 4322 Kotelenbary
1182 4259 1217 4322 cf.
1230 4257 1405 4309 Annalistom

229 4329 362 4381 Saxonum
381 4330 443 4395 (SS.
462 4330 507 4396 VI,
524 4347 552 4397 p.
566 4333 641 4396 722).
