3270 5028
252 419 288 474 60
432 413 613 470 ANNALES
631 412 885 470 ALPAHRNSRS
903 411 1086 469 MAIORES.
1123 413 1159 470 A.
1173 415 1251 472 1062.

253 599 432 684 episcopus
454 601 540 662 tunc
563 597 694 681 palatio
717 597 916 681 praesidens
939 597 1097 662 iusticiae
1120 598 1294 676 studebat,
1324 597 1430 690 etiarn

251 707 306 753 res
329 686 470 771 publica
492 686 671 751 florescere
694 685 893 769 incipiebat.

360 774 438 839 Hac
468 795 550 859 ergo
578 772 810 859 tempestatel
839 773 1017 858 episcopus
1046 774 1257 851 Parmensis,
1288 775 1332 839 de
1362 789 1529 858 quoram.

254 883 358 949 supra
384 883 495 928 sermo
521 863 602 940 fuit,
633 863 750 927 sedem
779 862 1014 946 apostolicam,
1045 883 1150 946 quam
1173 864 1337 927 canonice
1359 885 1430 927 non

183 953 385 1037 conpotuit,
421 952 525 1016 armis
555 951 712 1016 obtinere
743 951 932 1016 contendit.
986 951 1044 1016 Ad
1071 972 1175 1034 quam
1205 973 1301 1036 spem
1328 951 1430 1015 illum

254 1043 321 1106 hcc
343 1041 537 1116 induxerat,
562 1041 654 1123 quod
672 1059 789 1122 aroge
812 1039 976 1104 laudatus
1000 1044 1084 1104 erat.
1130 1040 1278 1125 Insuper
1301 1045 1337 1105 et
1359 1041 1431 1123 qui·

255 1131 335 1194 darn
356 1129 590 1193 Romanorum
612 1128 667 1191 illi
689 1127 866 1193 favebant.
913 1126 1140 1213 Quapropter,
1173 1129 1331 1194 conlecta
1358 1149 1431 1193 non

254 1238 360 1304 parua
382 1237 488 1282 manu
503 1217 819 1300 longobardorum,
842 1216 989 1280 Romam
1011 1217 1083 1282 ire⁸
1101 1217 1261 1301 perrexit,
1277 1218 1431 1282 veniens·

139 1326 321 1389 nonisque
350 1306 445 1370 ultra
475 1305 637 1381 Satniam,
667 1325 772 1387 quam
799 1305 910 1368 nostn
940 1304 1080 1369 Sudrun
1110 1306 1246 1383 dicunt,
1276 1306 1314 1368 in
1344 1305 1429 1382 loco,

255 1395 315 1477 qui
332 1393 481 1478 campus
505 1413 638 1458 crassus
661 1394 798 1470 dicitur,
821 1394 973 1458 tentoria
996 1395 1102 1472 fixit2,
1127 1398 1284 1460 statuens
1307 1392 1356 1458 ibi
1372 1393 1431 1458 ali·
1486 1409 1488 1412 ·

254 1487 340 1566 quot
363 1483 436 1548 dies
459 1503 643 1566 repausare
668 1482 865 1560 exercitum,
896 1481 1067 1565 simulque
1090 1503 1241 1567 sperans,
1272 1481 1346 1546 solo
1369 1502 1431 1546 suo

141 1647 143 1652 ³
255 1574 409 1638 adventu
430 1571 562 1637 territis
577 1571 741 1635 Romanis
765 1575 827 1634 aut
850 1573 972 1655 sponte
991 1571 1167 1636 discedere
1183 1572 1430 1647 Alexandrum,

256 1665 319 1726 aut
341 1681 378 1726 se
400 1681 527 1744 magna
550 1660 680 1724 auxilia
703 1679 745 1726 ex
760 1659 853 1724 Urbe
877 1659 1089 1723 habiturum.
1136 1660 1283 1743 Insuper
1306 1663 1343 1724 et
1364 1660 1431 1722 hoc

255 1749 357 1814 illurn
372 1749 560 1826 animabat,
584 1749 677 1831 quod
698 1748 854 1812 fautores
877 1747 931 1812 sui
953 1748 1047 1812 intra
1061 1748 1192 1813 Urbem
1214 1748 1339 1812 turrim
1356 1746 1432 1812 Ore

256 1836 402 1903 scentii³
416 1837 594 1914 tenebant,
618 1837 758 1920 insuper
773 1841 810 1901 et
825 1836 931 1900 aliam
946 1835 1175 1900 firmissimam
1189 1837 1323 1913 turrim,
1343 1854 1431 1919 quae

257 1929 310 1991 est
331 1926 369 1988 in
391 1925 467 2010 ripa
489 1924 621 1989 Tiberis
643 1924 742 1988 iuxta
764 1928 905 2008 pontem
926 1923 1049 1990 Olviia
1095 1925 1292 1990 Alexander
1315 1928 1433 1989 autem

255 2013 478 2096 fautoresque
501 2013 556 2076 sui
578 2011 796 2077 iamdudum
811 2013 1000 2077 adventum
1022 2014 1169 2078 istorum
1188 2014 1430 2098 praescierant,

257 2102 403 2186 ideoque
426 2106 462 2166 et
485 2102 551 2186 ipsi
573 2101 677 2166 armis
701 2121 737 2172 se
761 2101 948 2167 defendere
970 2102 1152 2185 parabant.
1189 2101 1266 2180 Quo
1283 2103 1431 2183 cognite,

258 2191 437 2275 episcopus
453 2190 647 2256 Parmensis
670 2191 790 2254 statim
814 2189 957 2255 elevatis
972 2189 1182 2254 militaribus
1198 2191 1304 2274 signis
1321 2194 1433 2254 castra

256 2281 374 2358 movit,
399 2280 515 2362 sicque
536 2280 708 2344 instructa
727 2280 800 2344 acie
815 2279 961 2343 Romam
982 2280 1108 2344 tendit.
1155 2279 1307 2345 Econtra
1326 2279 1433 2362 igitur

256 2369 411 2434 fautores
427 2368 626 2446 Alexandri,
652 2371 688 2432 et
711 2368 777 2452 ipsi
794 2368 897 2432 armis
912 2368 1085 2445 instructi,
1109 2361 1338 2452 processereb,
1363 2368 1450 2451 qui·¹

258 2458 322 2522 bus
358 2457 464 2522 etiam
497 2456 599 2520 multi
634 2475 675 2520 ex
704 2455 827 2540 plaebe
862 2476 898 2521 se
932 2457 1146 2522 miscuerunt
1181 2477 1260 2520 cum
1293 2459 1434 2540 propter

259 2546 366 2609 animi
395 2544 636 2620 mobilitatem,
666 2547 743 2607 tum
766 2545 872 2608 etiam
895 2548 1036 2628 propter
1058 2545 1146 2609 mam
1169 2548 1205 2610 et
1227 2544 1433 2627 indignatio·

258 2653 348 2711 nem,
380 2633 542 2715 quoniam
569 2632 652 2715 ipsis
675 2632 859 2697 videbatur
888 2635 1018 2716 grande
1048 2634 1198 2698 dedecus
1225 2633 1310 2710 iore,
1341 2633 1434 2716 quod

259 2722 439 2805 quisquam
462 2720 636 2784 hostiliter
659 2725 792 2785 armata
814 2741 920 2785 manu
942 2725 1178 2806 praesumeret
1192 2721 1337 2785 Romam
1359 2741 1433 2805 pro·

259 2810 336 2894 pius
366 2809 539 2873 accedere.
590 2807 664 2872 Nec
694 2828 805 2887 mora,
837 2811 955 2874 statim
984 2811 1095 2894 primo
1126 2830 1309 2893 congressu
1338 2809 1431 2886 victi,

154 2918 210 2970 apr.
217 2918 250 2962 n.
258 2897 406 2962 Romani
420 2901 521 2980 terga
534 2899 686 2975 vertunt,
710 2897 826 2982 sicque
842 2919 959 2963 versus
975 2899 1106 2964 Urbem
1121 2899 1306 2982 fugientes,
1329 2897 1433 2960 multi

260 2987 351 3052 caesi
385 2989 421 3051 et
454 2985 628 3051 uulnerati
662 2987 826 3070 cecidere.
880 2985 1028 3067 Quidam
1061 3008 1158 3065 vero,
1195 2988 1240 3051 ad
1273 2986 1435 3071 Tyberim

258 3075 482 3152 festinantes,
512 3094 637 3139 navem
665 3075 852 3152 intravere,
883 3077 944 3140 sed
973 3075 1049 3140 istis
1079 3075 1368 3158 subsequentibus
1398 3078 1434 3140 et

259 3184 330 3228 uno
358 3166 498 3228 tantum
528 3162 684 3228 lanceam
707 3164 891 3241 iaculante,
923 3184 1002 3228 curn
1031 3165 1265 3248 unusquisque
1294 3164 1434 3229 timeret

260 3251 335 3330 sibi,
366 3251 404 3315 in
432 3271 539 3315 unam
567 3253 703 3336 partem
729 3254 813 3317 ratis
842 3254 1082 3338 constipantur
1105 3254 1231 3330 cuncti,
1263 3256 1318 3318 et⁰
1346 3271 1434 3316 nave

259 3343 434 3406 reversata
454 3359 541 3423 pene
557 3360 675 3405 omnes
691 3341 852 3407 suffocati
875 3345 956 3406 sunt
978 3342 1016 3405 in
1040 3362 1130 3426 aqua
1139 3341 1160 3404 ⁵.
1207 3341 1273 3406 His
1288 3341 1434 3406 militiae

260 3430 367 3513 gestis
391 3428 569 3512 episcopus
589 3428 783 3494 Parmensis
807 3450 887 3494 curn
909 3431 979 3494 suis
1003 3431 1073 3495 iam
1097 3429 1181 3494 clari
1204 3430 1433 3506 habebantur,

262 3521 298 3582 et
320 3518 424 3581 timor
447 3537 565 3582 eorum
594 3537 657 3601 per
678 3519 873 3583 universam
894 3518 1041 3582 Romam
1065 3518 1207 3582 cottidie
1231 3518 1434 3600 augebatur.

199 3623 252 3668 mr
261 3606 438 3683 Attamen,
462 3605 661 3690 priusquam
683 3606 804 3671 urbem
827 3607 1008 3681 intrarent,
1037 3606 1237 3690 supervenit
1259 3605 1341 3669 huic
1363 3624 1435 3689 per·

197 3693 454 3758 r.91.turbationi
481 3688 572 3758 ldux
596 3692 845 3773 Gotteiridusss,
869 3695 929 3778 qui
953 3695 1085 3760 dudum
1107 3698 1185 3780 post
1207 3697 1355 3758 mortem
1376 3693 1436 3757 im-

261 3846 340 3940 2³:1⁸
339 3858 363 3940 ξι
373 3848 549 3941 mergam.
620 3849 644 3899 b)
662 3849 707 3898 ²⁴9⁶
723 3854 884 3899 processerunt
901 3848 1078 3902 (rmiseuerunt).
1145 3849 1166 3902 c)
1180 3846 1222 3890 sod
1235 3859 1252 3893 ο.
1324 3845 1348 3897 d)
1362 3847 1437 3897 pavit

263 4023 291 4092 1)
307 4024 380 4077 Hace
395 4031 462 4078 recte
479 4042 506 4080 cc
523 4025 627 4082 babent.
654 4027 744 4079 Mena
754 4025 859 4078 Martio
876 4026 945 4076 anni
957 4027 1035 4081 1062.
1053 4024 1182 4079 Karalus
1189 4026 1312 4094 primum
1324 4024 1437 4077 Bonnam

262 4111 322 4148 aem
346 4097 462 4149 emacim
486 4113 630 4163 appreensa
653 4104 699 4151 eat.
789 4095 817 4163 2)
841 4095 884 4158 Cf.
902 4096 1049 4148 Bmonon
1066 4097 1107 4164 II,
1132 4113 1154 4152 c.
1172 4097 1198 4153 9.
1289 4095 1317 4158 3)
1341 4095 1437 4148 Castro

262 4165 292 4222 S.
303 4167 414 4233 Aapelc.
486 4168 514 4236 4)
531 4165 621 4222 Milvii
639 4167 722 4222 credo
739 4168 886 4236 adscripsit
902 4168 1050 4220 Aventinus
1067 4169 1097 4220 in
1115 4169 1238 4234 marpissa
1255 4167 1359 4222 ordea
1389 4162 1437 4218 Ad

262 4240 376 4305 pontem
394 4235 490 4292 Holbii
508 4240 597 4293 Benzo
614 4239 654 4306 II,
674 4256 694 4294 c.
708 4242 743 4294 13
761 4239 825 4307 (SS.
843 4235 896 4305 XI,
911 4255 941 4308 p.
955 4239 1029 4302 617).
1102 4238 1130 4305 5)
1148 4239 1189 4304 Of.
1208 4239 1329 4291 Annales
1341 4239 1436 4303 Aucu-

262 4315 354 4362 stcncs
371 4315 396 4360 et
413 4309 597 4377 Barbetium,
623 4311 744 4363 Annales
761 4311 897 4364 Bonnense
921 4309 984 4377 (SS.
1002 4309 1033 4376 V,
1048 4326 1078 4377 p.
1096 4310 1164 4374 472)
1187 4316 1212 4361 a
1229 4309 1377 4362 ammam
1394 4306 1435 4374 II,

263 4381 314 4434 all
333 4378 396 4446 (SS.
415 4379 467 4446 XI,
484 4397 514 4448 p.
527 4382 602 4446 616).
674 4380 701 4448 6)
719 4381 761 4446 Cf.
780 4382 927 4435 Bonam
945 4380 985 4448 II,
1004 4379 1436 4448 c.13.ctBonittonemp.595.
