3270 5028
363 509 542 565 ANNALES
561 508 814 564 ALTAHENSES
833 508 1015 566 MAIORES.
1051 511 1087 565 A.
1101 512 1179 567 1071.
1322 514 1356 567 81

187 696 315 759 ‘sancte
331 694 408 770 Dei,
433 692 604 776 supplices
627 695 706 756 tuos
730 691 856 756 exaudi
878 695 915 756 et
939 691 1097 769 defende,
1122 691 1279 774 bonaque
1295 697 1358 758 tua

184 783 257 847 noli
274 783 394 846 alienis
410 783 447 844 in
464 782 628 865 praedam
644 781 841 844 concedere.
887 780 960 843 Nec
978 781 1070 844 enim
1086 784 1167 844 ante
1184 783 1228 844 ad
1243 802 1357 846 mona-

185 872 328 936 sterium
343 874 443 933 tuum
460 891 480 933 a
495 869 594 933 nobis
610 868 810 952 portaberis,
828 888 931 951 quam
946 888 999 932 res
1015 889 1206 952 pauperum
1217 873 1357 934 tuorum

183 960 250 1023 tibi
273 961 455 1023 vendicare
480 958 643 1041 dignatus
663 957 791 1021 fueris'.
840 956 916 1034 Quo
931 957 1004 1020 viso
1028 960 1064 1020 et
1087 958 1215 1034 audito,
1239 978 1299 1022 rex
1323 963 1358 1023 et

185 1050 362 1132 episcopus
378 1048 459 1110 irati
476 1048 518 1110 de
534 1066 653 1111 mensa
668 1065 703 1109 se
720 1046 843 1121 levare,
869 1045 1031 1109 abbatem
1048 1045 1240 1128 fratresque
1256 1047 1356 1110 minis

184 1140 220 1200 et
236 1136 453 1200 contumeliis
468 1134 650 1199 verborum
665 1135 811 1196 nimium
828 1133 983 1198 affecere.
1030 1132 1106 1197 Illis
1130 1138 1247 1198 autem
1269 1155 1357 1199 rece·

185 1225 345 1289 dentibus
369 1223 519 1287 mirabili
541 1225 643 1287 modo
665 1223 777 1306 ruptis
800 1222 898 1306 palis,
923 1223 982 1304 qui
998 1222 1183 1286 firmissimi
1198 1223 1357 1287 videban-

182 1317 250 1390 tur,
276 1333 394 1377 mensa
410 1314 454 1375 ad
468 1315 597 1375 terram
613 1311 742 1375 decidit
765 1314 810 1387 et,
834 1315 965 1373 111111111ει
985 1311 1027 1374 de
1044 1311 1356 1389 circumstantibus,
1368 1334 1436 1376 rior.

183 1403 242 1484 qui
273 1404 308 1465 et
339 1403 459 1464 contra
489 1402 647 1462 sanctum
676 1399 742 1462 Dei
770 1398 967 1475 latraverat,
990 1399 1204 1482 opprimens,
1235 1400 1359 1464 tibiam

184 1492 256 1554 eius
281 1489 461 1570 confregit.
508 1487 671 1550 Monachi
688 1489 803 1550 autem
822 1486 860 1549 in
876 1487 996 1550 eodem
1019 1487 1094 1550 loco
1111 1507 1189 1552 cum
1204 1489 1357 1570 reliquiis

183 1577 311 1641 sanctis
335 1575 595 1660 pernoctabant,
626 1574 844 1656 lacrimisque
870 1574 1018 1698 perfusis
1042 1575 1253 1640 incessanter
1276 1577 1358 1640 divi-

183 1687 267 1729 num
291 1665 457 1729 auxilium
480 1662 697 1746 flagitabant.
744 1663 865 1726 Altero
907 1665 1023 1726 autem
1046 1663 1111 1740 die,
1136 1684 1203 1747 quo
1226 1685 1286 1728 rex
1309 1664 1358 1728 ibi
1369 1687 1420 1729 rar.
1428 1687 1448 1728 a

183 1773 432 1819 commessurus
467 1756 557 1828 erat,
599 1755 757 1815 sanctum
791 1751 961 1828 levanteS,
997 1750 1079 1815 inde
1113 1753 1151 1815 in
1185 1754 1358 1835 quoddam

182 1844 372 1927 pomerium
407 1841 572 1905 detulere.
630 1839 687 1903 Ibi
721 1859 802 1922 ergo
838 1840 987 1916 cunctis,
1026 1840 1085 1922 qui
1119 1839 1168 1904 ibi
1203 1842 1356 1919 aderant,

182 1930 388 2007 videntibus,
421 1930 561 2012 quidam
591 1929 776 1992 contractis
807 1929 991 2011 adreptans
1021 1928 1181 1992 manibus
1208 1950 1288 1993 mox
1310 1931 1357 1993 in-

183 2020 343 2084 colomis⁰
372 2022 425 2082 est
455 2021 599 2082 erectus.
650 2017 734 2081 Post
763 2037 874 2100 pauca
903 2017 1043 2098 quidam
1074 2036 1173 2081 cecus
1204 2019 1356 2096 accessit,

181 2128 327 2190 moxque
362 2108 480 2171 lumen
513 2106 660 2189 recepit,
696 2106 812 2187 sicque
846 2125 907 2188 per
937 2106 1039 2168 unius
1069 2106 1174 2170 horae
1205 2107 1359 2189 spacium

181 2197 296 2260 factae
326 2199 408 2260 sunt
432 2195 626 2258 curationes
650 2195 801 2276 quinque
825 2193 1014 2256 hominum.
1062 2192 1138 2272 Quo
1168 2196 1287 2258 audito
1318 2196 1358 2258 fit

182 2285 304 2367 ingens
333 2283 453 2367 populi
484 2303 678 2359 concursus,
711 2285 746 2346 et
777 2281 951 2364 campanis
982 2281 1128 2346 subinde
1156 2283 1358 2346 sonantibus

183 2374 384 2454 cunctisque
413 2371 545 2435 divinas
570 2371 690 2434 laudes
714 2369 996 2447 acclamantibus,
1027 2389 1087 2433 rex
1111 2374 1146 2433 et
1169 2371 1357 2454 episcopus,

183 2462 242 2544 qui
264 2461 334 2524 iam
357 2461 402 2523 ad
424 2479 579 2523 mensam
603 2458 838 2534 consederant,
862 2458 985 2521 timore
1008 2453 1179 2542 perculsi(l
1201 2463 1357 2542 surgunt,

183 2551 228 2614 ad
257 2549 372 2612 locum
401 2548 560 2611 miraculi
591 2548 773 2624 accedunt,
802 2547 1027 2629 videntesque
1057 2567 1139 2612 vera
1169 2567 1241 2612 esse
1271 2568 1358 2630 quae

183 2639 375 2714 audierant,
400 2638 437 2699 in
461 2655 640 2700 commune
658 2656 736 2700 cum
752 2635 895 2699 caeteris
920 2639 955 2699 et
977 2636 1044 2719 ipsi
1060 2635 1174 2700 Deum
1190 2640 1359 2701 sanctum·

183 2746 249 2810 que
279 2727 352 2791 eius
382 2724 632 2808 glorificabant.
685 2725 767 2788 Mox
798 2724 906 2806 igitur
935 2727 1081 2806 rogante
1111 2726 1269 2809 episcopo
1299 2745 1359 2789 rex

183 2815 316 2891 cellam,
334 2834 437 2897 quam
453 2813 655 2889 abstulerat,
671 2813 833 2888 reddidit,
850 2814 1125 2896 tantundemque
1142 2815 1359 2897 praediorum

184 2905 226 2967 de
256 2923 317 2966 suo
348 2902 483 2966 addidit
513 2901 741 2984 abbatemque
770 2904 805 2964 et
828 2901 953 2964 fratres
983 2902 1020 2963 in
1049 2922 1134 2986 pace
1164 2903 1257 2967 abire
1287 2923 1358 2987 per-

182 2991 277 3053 misit
287 2991 309 3050 1.
354 2991 449 3070 Rege
480 2993 597 3052 autem
627 2989 717 3052 diem
748 2993 963 3071 pentecostes
987 2991 1025 3052 in
1047 2990 1251 3054 Halberstat
1275 2991 1359 3055 cele-

183 3076 337 3154 brante2,
364 3097 441 3140 cum
465 3095 565 3159 saepe
590 3077 702 3140 dictus
727 3076 811 3141 Otto
834 3079 903 3141 iam
927 3079 1081 3154 sentiret,
1109 3099 1163 3144 res
1187 3099 1264 3143 suas
1287 3100 1358 3143 non

182 3166 363 3250 proficere,
394 3165 592 3248 episcopum
621 3164 866 3241 Adalbertum,
898 3185 1000 3249 quem
1029 3168 1123 3250 prius
1154 3167 1356 3245 offenderat,

183 3255 248 3319 sibi
272 3252 479 3328 conciliavit,
510 3272 656 3334 eumque
687 3272 808 3316 causae
838 3274 921 3317 suae
944 3258 1114 3319 oratorem
1137 3275 1219 3339 erga
1241 3275 1358 3338 regem

181 3344 256 3407 fore
279 3342 424 3425 rogavit.
472 3341 507 3404 Is
531 3360 612 3424 ergo
635 3341 725 3404 inter
748 3340 928 3404 missarum
951 3342 1132 3407 sollemnia
1158 3365 1230 3408 non
1253 3365 1357 3408 cessa-

181 3433 233 3496 vit
262 3431 397 3495 tamdiu
426 3451 488 3514 pro
516 3449 556 3493 eo
585 3448 697 3512 agere,
728 3449 904 3512 quousque
934 3432 1024 3513 regis
1054 3433 1202 3514 gratiam
1231 3433 1358 3496 meruit

181 3521 333 3604 recipere
363 3519 571 3603 praediaque
601 3538 664 3582 sua
694 3538 735 3582 ex
757 3518 894 3601 integro
917 3520 1100 3604 possidere.
1147 3521 1355 3597 Beneficia0,

182 3628 270 3690 quae
299 3609 456 3672 inmensa
484 3606 669 3683 habuerat,
700 3607 851 3690 perdidit
881 3627 922 3671 ex
948 3611 1047 3691 parte
1077 3609 1234 3683 maxima,
1266 3610 1357 3673 inter

182 3716 270 3778 quae
294 3697 399 3760 etiam
422 3695 563 3760 abbatia
585 3695 786 3759 Altahensis
816 3695 971 3760 libertati
998 3697 1164 3779 pristinae
1188 3701 1240 3760 est
1261 3698 1356 3761 resti-

181 3784 291 3848 tutass.
338 3784 447 3848 Fuere
471 3785 585 3861 etiam,
615 3785 674 3867 qui
698 3785 887 3861 crederent,
915 3784 1044 3848 idcirco
1066 3785 1167 3848 illum
1191 3787 1233 3849 de
1255 3789 1356 3848 tanto

182 3873 363 3956 dignitatis
394 3872 544 3936 culmine
574 3872 746 3950 cecidisse,
777 3872 940 3955 quoniam
970 3873 1085 3938 locum
1107 3874 1221 3958 ipsum
1244 3874 1355 3938 subiu-

181 4080 205 4133 11)
220 4091 278 4120 unus
292 4091 309 4122 c.
363 4078 387 4130 b)
400 4079 480 4119 Altera
493 4090 510 4122 c.
565 4079 586 4129 c)
600 4080 624 4118 ln
638 4079 731 4120 coloniis
745 4090 763 4122 c.
817 4078 841 4131 d)
855 4080 952 4131 persulsi
966 4092 983 4123 c,
1038 4080 1060 4133 e)
1073 4081 1232 4131 Beneficlaque
1247 4093 1264 4124 c,

184 4257 210 4323 1)
228 4258 270 4321 Cf.
292 4256 470 4324 Triumphum
489 4256 517 4310 S.
536 4255 657 4307 Remaclc'
674 4255 692 4308 l.
712 4256 729 4310 l.
745 4273 775 4323 p.
793 4257 944 4313 450-459.
962 4265 986 4310 et
1003 4259 1184 4312 Lamtcrtum.
1268 4258 1296 4325 2)
1314 4259 1356 4322 cf.

181 4328 369 4393 Lcmbertcm,
398 4327 573 4379 Annclcbtcm
600 4326 745 4391 Sucronem,
776 4327 855 4378 Gesta
882 4331 1063 4396 episcopcrum
1089 4331 1356 4381 Hclbcrstadenaium

181 4398 385 4534 ἑξεῖναξὲἐὲἶξ
400 4415 428 4466 p·
448 4399 504 4463 96).
596 4396 623 4463 3)
640 4397 680 4447 De
699 4396 789 4448 Ottone
812 4400 872 4464 reci
895 4400 1062 4451 recorwilictc
1083 4401 1242 4452 Larntcraus
1267 4403 1356 4452 minus

1125 4581 1141 4633 6
