3270 5028
400 461 581 517 ANNALES
599 461 854 518 ALTAHENSES
873 460 1055 519 MAIORES.
1091 463 1127 521 A.
1142 466 1219 521 1073.
1362 465 1400 522 85

221 645 369 710 Romani
407 645 662 710 constituerunt
699 644 994 724 Hildebrandum,
1034 645 1188 712 eiusdem
1220 647 1396 712 Romanae

221 733 386 798 eeclesiae
410 733 699 813 archidiaconum,
725 739 848 818 quem⁸
868 737 1107 799 consecrantes
1130 735 1396 800 nominaverunt

221 819 435 905 Gregorium.
474 821 577 886 Diem
599 823 792 907 palmarum
813 843 874 887 rex
896 823 934 886 in
956 816 1174 888 Eihstattil·1
1197 822 1394 902 celebravit,
1405 845 1512 889 mrum

219 909 280 973 ubi
315 914 351 974 et
384 910 592 995 Ruodolpho
628 914 664 976 et
699 911 890 976 Berhtoldo
929 911 1074 976 ducibus
1111 911 1260 994 gratiam
1298 931 1395 976 suam

219 998 372 1062 reddidit
381 998 402 1061 ².
456 1000 597 1082 Agnum
629 1020 710 1065 vero
744 999 917 1084 pascalem
947 999 1159 1064 Ratisbonae
1192 1000 1510 1078 victimavitmau.

218 1086 369 1152 infesto
392 1091 608 1171 pentecostes
635 1090 727 1172 apud
751 1089 945 1170 Augustam
969 1088 1178 1171 colloquium
1200 1088 1395 1172 principum

219 1174 342 1239 habuit
352 1174 372 1253 ³,
404 1196 549 1259 moxque
579 1197 614 1241 se
644 1177 682 1240 in
705 1177 889 1241 Saxoniam
917 1177 1058 1259 recepit.
1106 1175 1235 1259 Captus
1265 1177 1496 1242 etenimuars.

217 1264 388 1328 nescimus
411 1284 480 1347 qua
502 1264 656 1329 locorum
679 1265 873 1343 dilectione,
904 1265 943 1327 in
965 1264 1061 1341 silva,
1086 1284 1174 1346 quae
1197 1264 1291 1328 Harz
1315 1265 1394 1330 dici·
1500 1283 1503 1288 ·

217 1355 285 1428 tur,
316 1352 417 1417 urbes
445 1353 573 1417 multas
596 1354 666 1417 iam
690 1355 821 1417 dudum
844 1357 982 1437 ceperat
1005 1353 1174 1417 edificare.
1222 1352 1290 1417 Sed
1313 1353 1395 1435 quia

216 1440 255 1503 in
269 1440 383 1504 vicino
405 1441 558 1524 ipsarum
573 1441 711 1504 urbium
733 1442 874 1525 praedia
896 1461 1007 1525 pauca
1029 1441 1085 1505 vel
1108 1440 1207 1505 nulla
1230 1440 1392 1520 habebat,

216 1527 280 1606 illi,
306 1529 365 1611 qui
388 1529 546 1594 civitates
570 1530 821 1607 custodiebant,
851 1533 992 1613 propter
1013 1530 1167 1613 inopiam
1189 1529 1393 1594 victualium

217 1618 361 1700 praedas
384 1636 517 1701 semper
539 1617 717 1683 faciebant
740 1619 783 1682 de
806 1618 1012 1682 substanoiis
1035 1617 1307 1701 provincialium.
1355 1617 1392 1682 Si

216 1704 292 1787 quis
330 1725 410 1770 vero
449 1710 583 1771 curtem
621 1707 748 1771 adisset
786 1707 872 1771 haec
909 1705 1128 1783 lamentari4,
1173 1705 1391 1770 contumeliis

216 1793 363 1858 affectus
390 1794 573 1859 videbatur
601 1794 737 1878 expelli.
784 1793 938 1878 Cumque
967 1794 1098 1858 mulum
1126 1795 1193 1858 hoc
1223 1798 1392 1865 cresceret

217 1882 259 1946 de
283 1883 339 1946 die
362 1883 399 1946 in
424 1883 524 1960 diem,
556 1886 592 1948 et
613 1903 674 1947 rex
696 1883 734 1946 in
757 1880 900 1948 Goslare
930 1885 1049 1966 ageret
1071 1883 1235 1967 principis
1259 1885 1391 1967 aposto-

215 1969 329 2034 lorum
343 1970 601 2049 festivitatem5,
626 1971 741 2055 plures
758 1971 917 2035 Saxoniei
939 1971 1111 2055 principes
1134 1971 1196 2036 illo
1213 1972 1389 2050 devenere,
1401 1993 1491 2036 unsa

215 2059 246 2122 si
275 2059 379 2124 finem
408 2060 462 2123 his
492 2059 592 2124 malis
623 2063 763 2144 possent
792 2060 987 2144 impetrare.
1041 2058 1109 2138 Qui
1143 2064 1223 2144 post
1256 2059 1391 2143 aliquot

216 2147 299 2224 dies,
329 2148 387 2211 vix
415 2148 603 2212 intromissi
632 2149 678 2212 ad
706 2148 796 2230 regis
826 2148 1056 2231 praesentiam
1086 2167 1255 2230 causaque
1285 2148 1469 2226 dictarat.

215 2235 288 2298 sine
323 2235 452 2300 honore
487 2237 522 2299 et
557 2239 651 2301 certo
685 2256 847 2319 responso
880 2236 1125 2317 regrediuntur
1162 2237 1207 2300 ad
1241 2237 1389 2320 propria.

214 2323 297 2386 Mox
330 2323 437 2406 igitur
472 2323 590 2388 crebra
624 2323 866 2388 conventicula
901 2322 1101 2387 iaciebant⁶
1135 2326 1187 2401 et,
1227 2324 1310 2407 quid
1347 2325 1390 2389 de

214 2410 314 2475 malis
345 2412 412 2476 hiis
443 2415 599 2494 agerent,
633 2412 733 2476 anxie
762 2411 972 2476 tractabant.
1019 2411 1173 2476 Tandem
1202 2431 1283 2495 ergo
1314 2432 1390 2476 con·

214 2499 310 2562 venit
339 2499 420 2577 illis,
450 2500 552 2565 minis
584 2503 619 2565 et
647 2500 750 2565 rebus
779 2499 912 2565 bellicis
941 2520 996 2565 res
1027 2519 1106 2564 suas
1134 2501 1248 2584 potius
1277 2519 1388 2582 agere,

215 2607 318 2670 quam
347 2587 441 2671 leges
471 2589 600 2672 patrias
630 2588 896 2672 libertatemque
921 2589 1095 2674 propriam
1116 2592 1192 2653 tem
1213 2589 1390 2654 irrationa-

213 2675 331 2740 biliter
369 2677 539 2742 amittere.
598 2677 685 2742 eum
723 2682 840 2742 autem
873 2697 934 2742 rex
966 2678 1005 2741 in
1039 2677 1167 2742 dilecto
1202 2676 1268 2742 sibi
1301 2676 1388 2755 loce,

213 2763 433 2848 Harzesburg
449 2766 551 2843 dicto,
575 2770 732 2832 maneret
755 2769 791 2831 et
812 2766 929 2850 regale
950 2766 1144 2831 convivium
1159 2765 1389 2831 familiaribus

214 2853 283 2916 suis
306 2853 493 2932 exhiberet,
522 2854 638 2920 subito
660 2859 822 2920 narratur
844 2875 865 2918 a
889 2855 1108 2932 clientibus⁰‚
1138 2855 1221 2937 quia
1242 2874 1389 2938 magnus

214 2939 388 3005 Saxonum
429 2942 467 3004 in
504 2943 658 3026 proximo
701 2944 911 3008 consedisset
953 2944 1132 3009 exereitus.
1195 2943 1388 3026 Statimque

213 3029 316 3091 misso
349 3030 477 3092 nuncio
511 3050 584 3107 rex,
620 3034 660 3094 ut
691 3051 829 3095 oausam
860 3035 1048 3096 conventus
1083 3051 1202 3097 eorum
1236 3032 1386 3115 agnovit,

212 3118 313 3199 turpe
337 3120 472 3200 putans,
497 3118 599 3182 minis
623 3138 741 3183 eorum
764 3120 894 3196 cedere,
918 3122 1057 3204 propter
1080 3120 1292 3204 paucitatem
1307 3140 1388 3184 vero

212 3204 364 3267 militum
387 3209 554 3283 metuens,
586 3208 753 3290 sanguine
776 3208 944 3272 iudicium
965 3208 1090 3287 faeere,
1121 3211 1217 3273 ratus
1238 3209 1388 3292 tempori

213 3294 415 3371 cedendum,
438 3295 476 3356 in
492 3294 674 3359 Franciam
697 3296 866 3380 disposuit
889 3296 993 3361 abire.
1030 3295 1095 3361 Oui
1118 3296 1262 3362 abeunti
1286 3315 1387 3380 saepe
1397 3318 1481 3368 nugs.

184 3435 187 3442 .
213 3381 326 3445 dictus
357 3382 441 3447 Otto
470 3383 509 3446 in
537 3384 594 3448 via
626 3384 770 3448 insidias
803 3384 956 3449 tetendit
990 3387 1042 3462 et,
1078 3385 1189 3450 multo
1223 3385 1388 3449 maiorem

212 3469 364 3534 militum
398 3472 533 3556 copiam
561 3472 710 3550 habens,
745 3473 942 3538 transeunti
975 3477 1094 3537 tamen
1123 3493 1159 3538 se
1188 3473 1388 3556 inspicienti

213 3554 401 3641 congredi‘1
434 3581 505 3624 non
534 3562 772 3645 praesumpsit.
826 3561 950 3645 Sicque
979 3581 1040 3626 rex
1067 3563 1105 3625 in
1135 3561 1317 3626 Franciam
1346 3581 1403 3628 ac¹

213 3646 338 3711 deinde
360 3648 398 3711 in
414 3647 629 3714 Baioariam⁰
649 3669 757 3733 nsque
779 3650 979 3734 pertransiit
990 3648 1010 3712 ⁷.
1057 3649 1140 3713 Post
1162 3650 1253 3732 regis
1270 3652 1454 3714 autema„

212 3887 235 3938 a)
254 3898 365 3952 quemque
383 3899 401 3933 c.
484 3891 509 3954 b)
527 3891 618 3934 alhstan
636 3892 740 3935 Sectam
821 3891 843 3944 c)
860 3890 988 3933 dicentibus
1007 3903 1024 3935 c.
1056 3891 1148 3932 correxi
1165 3900 1193 3930 cn
1210 3901 1257 3930 meo
1275 3892 1387 3936 commta.

212 3938 237 3992 d)
250 3940 329 3991 egredr
342 3952 359 3985 c.
413 3942 435 3994 e)
449 3944 562 3984 Bsrorirm
575 3957 592 3989 c.

213 4135 240 4203 1)
256 4133 292 4188 In
310 4134 420 4190 civitate
438 4136 566 4206 Augusta
583 4139 750 4195 Lemana.
830 4140 858 4207 2)
875 4139 949 4191 Idem
966 4140 1051 4204 refert
1068 4138 1236 4194 ramanus.
1308 4138 1335 4205 3)
1352 4139 1388 4191 In

212 4206 256 4258 his
279 4208 401 4260 manibus
425 4209 584 4262 Lcmbertus
607 4225 666 4261 cum
690 4209 817 4263 manocho
841 4210 985 4263 altahensi
1008 4212 1133 4266 convenit.
1222 4209 1251 4275 4)
1267 4209 1291 4264 Ι.
1310 4225 1331 4264 e.
1349 4210 1388 4261 ad

212 4277 275 4330 baec
300 4279 508 4334 lamentandum.
605 4281 632 4348 5)
657 4280 700 4345 Of.
724 4281 879 4334 Bmmmrem
902 4296 924 4336 c.
942 4283 987 4336 23.
1078 4281 1105 4346 6)
1129 4278 1298 4333 clandestina
1321 4295 1386 4333 con·

211 4347 349 4402 venticula
367 4349 463 4404 crebro
482 4348 620 4404 faciebant
638 4351 805 4406 Lamdrrtus.
896 4351 922 4419 7)
940 4351 982 4417 Of.
1001 4351 1173 4404 Lambenum
1190 4357 1215 4402 ct
1232 4350 1386 4403 Brunorrcm

211 4433 233 4472 c.
251 4420 294 4474 27.
