3268 5036
256 486 292 538 26
437 482 616 538 ANNALES
635 483 887 539 ALTAHENSES
906 483 1088 542 MAIORIlS.
1124 482 1159 540 A.
1172 487 1251 542 1041.

258 669 384 738 autem,
415 670 456 729 ut
486 687 565 731 eum
594 667 769 752 aufugisse
801 672 1048 751 cognoverunt,
1081 668 1188 732 alium
1218 667 1283 731 sibi
1312 686 1428 748 regem

258 758 465 830 statuerunt,
497 757 556 838 qui
580 755 655 821 Obo
678 758 849 822 vocitatus
878 758 974 840 regio
1004 778 1097 822 more
1127 777 1206 820 mox
1236 759 1288 820 est
1316 775 1428 819 conse·

258 847 373 907 cratus
384 843 403 905 ¹.
450 843 586 908 Harum
607 866 723 910 rerum
739 868 872 911 summa
895 868 916 911 a
939 846 1072 910 duobus
1095 847 1193 928 regni
1217 844 1428 929 principibus

258 935 311 996 est
340 937 547 1016 perpetrata,
578 955 723 1017 quorum
750 957 839 1000 unus
863 934 992 999 Ztoizla
1020 955 1145 1000 nomen
1175 934 1308 1010 habuit,
1340 933 1429 997 alter

258 1019 385 1085 Peuilia
405 1022 517 1086 dictus
540 1022 640 1088 fuiss
687 1025 801 1108 Igitur
823 1045 883 1089 rex
905 1026 1007 1101 idem,
1032 1024 1152 1088 habito
1176 1023 1330 1088 sinodico
1354 1042 1428 1086 con·

258 1110 354 1186 cilio,
394 1131 472 1174 cum
510 1113 682 1176 communi
717 1115 953 1199 episcoporum
989 1117 1023 1178 et
1058 1114 1252 1197 principum
1287 1111 1429 1176 consilio

258 1200 373 1262 omnia
403 1199 542 1264 decreta
569 1203 717 1267 rescindi
741 1204 874 1281 statuit,
905 1224 993 1286 quae
1015 1201 1139 1268 Petrus
1162 1202 1290 1266 iniuste
1314 1221 1429 1265 secun-

259 1288 341 1351 dum
365 1287 503 1351 libitum
527 1309 627 1352 suum
643 1292 820 1377 disposuit,
845 1297 881 1358 et
904 1293 1071 1377 episcopis
1095 1291 1229 1356 duobus
1252 1290 1430 1374 pontificia

258 1376 292 1439 vi
315 1376 453 1440 sublata
475 1378 619 1444 reddere
642 1382 762 1459 voluit,
787 1383 847 1446 sed
870 1383 951 1464 quia
974 1381 1034 1445 alii
1057 1380 1207 1445 ordinati
1231 1383 1340 1455 erant,
1364 1381 1429 1442 hoc

258 1465 405 1528 Romani
432 1468 599 1549 praesulis
622 1470 750 1535 iudicio
773 1472 1016 1536 reservandum
1040 1470 1183 1535 censuit.
1230 1468 1429 1532 Diotmarus

168 1541 458 1635 luljssquvavensis
482 1558 767 1644 archiepiscopus,
798 1560 937 1644 paralisi
961 1559 1157 1635 dissolutus,
1188 1557 1430 1622 miserabiliter

259 1643 472 1726 defungitur,
497 1645 596 1728 eique
619 1647 769 1732 Belding
792 1649 1013 1713 substituitur
1022 1648 1044 1710 ³.

366 1733 458 1798 Item
488 1735 532 1798 ad
563 1735 707 1802 Boemos
737 1738 833 1803 facta
863 1741 915 1802 est
945 1738 1118 1821 expeditio
1148 1735 1296 1811 meliori,
1327 1755 1430 1817 quam

259 1822 401 1904 pridem,
433 1822 509 1888 Deo
538 1825 667 1906 gratias
698 1827 859 1911 auspicio.
907 1826 979 1910 Ipsi
1009 1826 1148 1909 quidem
1173 1825 1285 1889 Sclavi
1314 1823 1429 1906 regiae

259 1909 443 1974 noluerant
472 1911 573 1976 subdi
603 1917 781 1997 potestati,
820 1920 996 1999 sperantes
1031 1919 1140 1980 semet
1173 1935 1265 1976 nunc
1295 1932 1430 1995 quoque

258 1999 405 2062 victores
439 2000 529 2076 fore,
565 2005 606 2064 ut
639 2002 781 2068 fuerant
815 2005 936 2089 prioris
967 2005 1049 2068 anni
1080 2003 1306 2088 expeditione.
1356 2001 1431 2064 Rex

260 2090 376 2151 autem
399 2089 571 2154 Henricus
599 2112 676 2155 cum
699 2094 858 2157 omnibus
882 2093 951 2157 suis
975 2093 1186 2177 principibus
1213 2085 1431 2154 bhumiliavit

119 2189 295 2239 v=.11⁵‚⁷1.se
319 2176 404 2251 Deo,
437 2198 514 2241 cum
544 2183 714 2265 propheta
741 2183 858 2247 dicens
881 2203 939 2246 ore
964 2186 999 2246 et
1023 2183 1153 2246 animo:
1184 2179 1313 2243 Bonum
1341 2176 1435 2258 miti,

260 2263 406 2347 Domine,
431 2268 515 2347 qaod
536 2267 712 2334 humiliasti
734 2292 791 2351 me,
815 2272 913 2336 illam
935 2272 1159 2356 scripturam⁰
1180 2290 1314 2352 semper
1328 2267 1431 2332 medi-

114 2367 182 2409 flebr.
191 2369 223 2417 12,
232 2370 251 2411 6.
260 2357 348 2432 tans,
372 2357 465 2438 quod
480 2355 640 2422 Dominus
656 2359 787 2442 corripit
802 2359 995 2442 (rusticando,
1021 2358 1152 2442 corripit
1174 2377 1294 2422 omnem
1317 2355 1429 2435 liliam,

261 2464 350 2524 quem
372 2444 493 2526 reale.
539 2446 632 2512 Hinc
661 2449 773 2514 iustus
802 2450 907 2514 iudex
936 2451 1099 2526 omnium,
1130 2448 1266 2511 nullum
1295 2465 1430 2510 reorum

260 2535 471 2618 impunitum
491 2533 705 2615 dimittensl,
729 2543 924 2603 nostrorum
940 2538 1175 2602 humilitatem
1190 2536 1375 2620 respiciens
1391 2554 1430 2597 ac

259 2622 398 2686 illorum
421 2625 696 2706 protervitatem:
721 2631 911 2710 quatenus⁰
936 2630 1070 2690 nostros
1094 2625 1242 2689 elevavit
1265 2621 1430 2708 passionis

260 2712 458 2789 adversitas,
483 2716 621 2777 tantum
637 2715 716 2779 illos
733 2717 859 2781 deiecit
874 2716 966 2799 prior
981 2713 1198 2799 prosperitas.
1245 2712 1335 2774 Nam
1351 2731 1430 2794 rege

261 2821 338 2863 cum
369 2802 521 2865 exercitu
551 2804 757 2870 adveniente
787 2805 852 2888 ipsi
882 2803 984 2867 silvas
1014 2800 1245 2876 occluserant,
1278 2801 1431 2882 undique

260 2890 363 2952 armis
393 2891 505 2972 parati
536 2911 592 2956 eos
622 2892 814 2977 prohibere,
845 2913 888 2956 ne
918 2896 1047 2956 terram
1075 2909 1192 2952 eorum
1221 2893 1361 2972 possent
1384 2889 1431 2951 in-

259 2977 374 3052 troire,
400 2979 460 3042 sed
482 2981 685 3065 providente
702 2982 814 3064 gratia
829 2981 896 3045 Dei
912 2979 1081 3062 optimum
1104 2977 1285 3041 consilium
1307 2978 1432 3041 incidit

260 3067 342 3147 regi,
367 3071 407 3130 ut
431 3068 563 3150 aliquot
587 3070 659 3134 dies
683 3074 803 3133 contra
818 3070 909 3133 viam
924 3068 1094 3130 munitam
1108 3067 1309 3143 residerent,
1334 3067 1431 3148 quasi

260 3155 333 3219 illic
363 3159 549 3240 pugnando
579 3159 766 3241 ingressuri
796 3159 919 3222 essent.
966 3155 1035 3219 Ubi
1063 3175 1164 3238 saepe
1192 3156 1312 3219 nuncii
1335 3155 1431 3218 ducis

261 3246 483 3322 advenenmt,
508 3247 569 3312 sed
592 3247 681 3310 nihil
703 3248 799 3329 regia
814 3237 1016 3309 maiestatef
1035 3243 1178 3326 dignum
1201 3243 1431 3309 retuleruntss.

260 3334 334 3399 Iter
350 3337 476 3411 autem,
501 3336 640 3400 dimissa
655 3336 704 3400 ibi
720 3355 845 3418 magna
860 3333 1094 3405 multitudine,
1121 3334 1287 3398 circuiens
1311 3332 1432 3395 silvam

261 3444 322 3507 per
345 3424 453 3498 devia,
477 3428 605 3488 terram
628 3424 767 3488 illorum
791 3422 917 3486 invasit
932 3422 1076 3498 occulte,
1101 3423 1194 3504 quod
1212 3420 1346 3484 incolae
1361 3440 1431 3481 non

262 3517 365 3577 antea
381 3505 648 3594 cognoveruntl,
673 3533 775 3596 quam
791 3531 908 3575 omnes
932 3531 989 3575 eos
1012 3510 1114 3576 simul
1136 3510 1321 3574 incolomes
1337 3507 1432 3570 salva

261 3622 324 3665 sua
353 3601 547 3665 substantia
576 3601 668 3666 inira
697 3602 872 3684 regionem
903 3601 1087 3665 consistere
1118 3599 1311 3663 audierunt.
1364 3595 1432 3659 Sed

262 3693 298 3754 et
319 3693 420 3754 tanta
443 3711 500 3755 eos
522 3691 638 3756 tenuit
653 3689 822 3774 superbia,
846 3693 887 3752 ut
902 3709 1014 3772 neque
1029 3689 1152 3771 fugata
1169 3689 1282 3750 essent
1298 3705 1430 3769 pecora,

261 3799 372 3861 neque
396 3782 529 3862 segetes
553 3780 782 3855 messuissent,
814 3799 854 3843 eo
878 3779 970 3861 quod
991 3777 1089 3840 nullo
1113 3767 1232 3839 modo¹
1262 3775 1432 3839 introven-

261 3871 358 3930 turos
382 3868 615 3932 credidissent.
661 3867 759 3932 Haec
775 3869 890 3931 omnia
910 3871 1051 3952 propter
1065 3864 1217 3928 divinam
1239 3863 1432 3928 bonitatem

262 4021 285 4072 a)
302 4021 408 4060 librarius
421 4023 497 4069 prim
515 4023 602 4070 scripsit
617 4021 763 4074 Pehili,·}tum
781 4024 868 4061 lucram
882 4023 897 4062 h
911 4024 934 4060 s'n
947 4023 1032 4062 zethum
1050 4022 1069 4060 ei
1086 4021 1157 4059 amite
1173 4021 1263 4059 mutavit
1277 4021 1391 4068 eidemque,
1410 4022 1433 4055 ut

263 4075 394 4124 ambianum
408 4075 526 4124 tolleretur,
544 4076 628 4114 zethum
646 4087 755 4114 commune
769 4077 861 4115 minoris
874 4076 958 4115 moduli
972 4086 1037 4124 super
1052 4076 1131 4113 lineum
1145 4075 1253 4122 amicavit.
1280 4073 1396 4112 Atacinus
1410 4071 1433 4108 tn

262 4141 333 4178 mara.
351 4128 464 4168 aarum:
482 4129 597 4168 Stozolaus
614 4129 696 4171 Pezilo.
776 4129 800 4180 b)
813 4130 931 4168 Aventinus
944 4130 990 4177 ipse
1002 4129 1111 4178 sequacia
1123 4127 1217 4174 empse.
1297 4125 1318 4177 c)
1332 4125 1403 4174 script
1416 4135 1433 4164 c.

263 4182 286 4234 d)
301 4192 373 4222 cauco
387 4186 496 4220 auctorem
510 4182 621 4229 aripenne
636 4181 688 4224 dim.
702 4183 754 4232 imp.
768 4187 788 4220 et
801 4193 860 4232 resp.
874 4183 958 4230 humil,
974 4182 1108 4230 suspiratos
1122 4191 1228 4219 consonus
1241 4179 1346 4220 redderet.
1367 4178 1433 4220 Η.·Ε.

263 4237 285 4288 e)
298 4240 409 4286 quatenus
419 4246 449 4283 c.,·
462 4240 571 4286 quantum
581 4237 660 4278 emend,
670 4237 780 4278 Breeelau.
833 4236 941 4284 Oreglae
950 4235 1064 4274 maiestati
1072 4245 1089 4276 e.
1143 4232 1165 4284 g)
1179 4232 1277 4272 retulere
1287 4242 1316 4279 e.;
1330 4233 1358 4280 et.
1364 4242 1389 4279 p.
1399 4231 1432 4278 24,

263 4302 283 4332 n.
294 4301 312 4331 c.
326 4289 390 4331 Ιί-Ε,
445 4288 469 4339 h)
484 4299 609 4338 cognovere
624 4301 652 4338 c.,·
666 4292 694 4338 et.
706 4290 757 4332 itio.
771 4289 837 4331 Η.·Ε.
891 4288 908 4340 i)
924 4287 970 4328 dux
984 4290 1007 4327 in
1022 4289 1068 4328 cod.
1078 4290 1130 4335 post
1144 4282 1209 4324 modo
1224 4285 1322 4323 additum
1336 4289 1373 4334 est,
1388 4289 1433 4322 tum

263 4344 380 4382 Arentinus
388 4353 494 4392 superaer.
504 4342 543 4384 sic.
567 4343 629 4391 Puto,
639 4343 888 4396 snsptoranhioehonsee
897 4339 1022 4390 duxissent,
1034 4346 1078 4378 tam
1089 4337 1239 4378 credidissent
1248 4338 1340 4376 ambae
1349 4337 1434 4378 mnus.

265 4449 291 4514 1)
309 4449 351 4513 Cf.
363 4449 467 4502 Herim.
480 4451 550 4514 Any.
623 4451 650 4517 2)
665 4450 780 4515 Toyslcn
792 4456 816 4500 et
828 4450 903 4500 Pezli
913 4449 987 4516 apttd
1002 4446 1184 4498 lirrorocziam
1199 4461 1228 4511 p.
1243 4445 1302 4498 123.
1351 4444 1378 4510 3)
1391 4442 1432 4507 Os.

264 4522 335 4574 Aen.
355 4520 381 4572 S.
401 4521 532 4572 liudberti
549 4521 606 4575 Sal.
625 4521 688 4587 (SS.
708 4521 758 4588 IX,
775 4539 803 4587 p.
818 4521 892 4584 773).
