3268 5036
375 433 555 490 ANNALES
574 433 828 489 mannasses
846 433 1028 491 Matones,
1064 433 1192 494 Α.1042.
1335 439 1370 492 29

735 609 832 684 11142.

306 723 749 791 ansarHeinricusnatale
757 717 1162 806 dominilrtrgentoratib
1173 724 1369 801 celebravit,

198 837 265 899 quo
279 835 442 898 magnum
454 814 648 898 principum
661 816 869 877 conventum
881 813 1082 876 convocavit
1092 812 1114 874 ¹.
1140 813 1190 876 Eo
1203 813 1371 878 devenere

198 907 290 968 inter
318 904 468 986 reliquos
493 901 622 967 Obonis
646 901 811 984 Ungarici
839 901 929 984 regis
953 901 1069 984 legati,
1099 900 1202 966 Petro
1226 903 1369 980 deiecta,

198 998 239 1056 ut
269 993 451 1069 diximus2,
484 990 675 1055 substituti.
732 989 824 1053 Nam
854 993 1036 1073 postquam
1066 990 1200 1054 audivit
1229 990 1372 1054 Petrum

199 1082 347 1148 eundem
372 1081 517 1145 caesaris
540 1080 688 1162 gratiam
707 1079 885 1162 recepisse,
911 1079 1071 1143 extimuit
1094 1081 1160 1142 hoc
1184 1100 1245 1143 suo
1269 1080 1372 1143 domi·

198 1172 298 1235 natui
322 1170 412 1234 cladi
432 1169 591 1232 futurum
610 1188 693 1232 esse.
729 1167 881 1251 Ideoque
905 1167 999 1231 misit
1022 1167 1232 1251 legationem
1254 1168 1371 1246 talem,

199 1264 240 1323 ut
262 1259 527 1344 perquireretur,
559 1277 604 1320 an
634 1260 745 1320 certas
771 1256 974 1320 inimicicias
1002 1277 1139 1340 sperare
1163 1255 1305 1321 deberet
1329 1278 1373 1320 an

200 1347 361 1414 stabilem
385 1366 514 1430 pacem.
563 1344 687 1409 Caesar
703 1348 829 1419 autem,
854 1345 915 1409 ubi
939 1365 980 1409 ex
1003 1346 1057 1409 his
1072 1345 1185 1410 verbis
1204 1347 1373 1429 persensit

200 1437 397 1521 superbiam
413 1435 486 1499 eius
501 1435 637 1507 mentis,
653 1433 783 1498 talibus
799 1434 952 1498 obviavit
966 1435 1151 1518 responsis:
1173 1433 1373 1517 ‘Siquidem

201 1525 261 1589 ille
276 1545 331 1588 me
348 1528 383 1588 et
397 1543 491 1587 meos
507 1526 606 1587 cavet
621 1522 755 1586 iniuriis
778 1523 952 1600 lacessere,
984 1542 1047 1605 ego
1069 1522 1150 1587 nolo
1172 1523 1373 1586 inimicicias

201 1614 361 1699 incipere,
386 1613 439 1676 sin
454 1632 535 1677 vero
551 1612 623 1696 ipse
639 1610 815 1695 inceperit,
840 1611 922 1694 quid
938 1611 1075 1695 possim,
1092 1611 1167 1676 Deo
1184 1611 1373 1676 auxiliante

201 1723 361 1767 sensurus
382 1701 489 1766 erit'ss.
530 1700 617 1765 Oum
640 1701 694 1763 his
718 1700 824 1764 etiam
847 1720 925 1764 suos
949 1700 1082 1783 legatos
1106 1701 1239 1764 curavit
1263 1700 1373 1764 dimit-

200 1795 309 1868 tere0,
320 1785 386 1874 'qui
398 1791 642 1856 certitudinem
654 1789 805 1872 aliquam
822 1791 864 1854 de
880 1789 934 1853 his
951 1788 1016 1853 sibi
1031 1793 1172 1873 possent
1186 1792 1372 1873 reportare.
1385 1813 1445 1854 rso.

201 1879 269 1944 Ille
292 1884 410 1945 autem
425 1882 490 1944 hac
507 1879 685 1944 occasione
701 1878 868 1962 patefecit
884 1879 1011 1955 dolum,
1037 1899 1138 1962 quem
1161 1881 1372 1942 tractaverat

202 1973 293 2034 ante.
345 1969 436 2032 Nam
470 1988 588 2033 omnes
623 1967 737 2051 copias
766 1967 1017 2045 multitudinis,
1054 1988 1157 2051 quam
1191 1967 1371 2045 habuerat,

202 2059 365 2122 continuo
394 2058 482 2121 clam
505 2057 620 2121 vocari
649 2057 805 2132 iusserat,
836 2056 904 2121 fide
935 2059 1096 2139 corrupta
1126 2060 1297 2121 nostrates
1326 2058 1374 2119 in·

201 2167 344 2211 rasurus
375 2149 419 2222 et,
450 2145 614 2228 quicquid
645 2144 752 2208 cladis
782 2143 1021 2208 latrocinando
1051 2149 1175 2226 posset,
1206 2145 1373 2222 facturus,

202 2240 254 2312 et,
289 2255 334 2300 ne
367 2235 464 2297 iraus
499 2234 572 2298 eius
607 2253 628 2296 a
662 2233 823 2315 quopiam
858 2235 973 2315 posset
1006 2234 1218 2314 praecaveri,
1258 2254 1375 2298 omnes

202 2324 365 2407 hospites,
390 2322 449 2404 qui
466 2322 687 2396 advenerant,
712 2323 928 2396 mercatores,
953 2320 1107 2396 nuncios,
1133 2321 1193 2384 sed
1212 2324 1248 2384 et
1263 2323 1375 2404 regios

204 2411 346 2493 legatos,
379 2410 470 2493 quod
492 2409 605 2473 ubivis
628 2407 786 2492 gentium
808 2408 907 2472 nefas
930 2412 993 2485 est,
1023 2409 1109 2472 inibi
1139 2409 1239 2474 iussit
1266 2413 1376 2474 reten-

203 2500 281 2566 tari.
328 2499 374 2562 Et
397 2517 438 2562 cx
460 2502 608 2580 utraque
631 2496 785 2560 Danubii
811 2500 911 2581 parte
934 2497 1084 2581 perrexit
1105 2502 1235 2562 terram
1258 2497 1376 2562 Baioa-

204 2589 333 2652 riorum
363 2587 526 2672 spoliare,
562 2587 634 2671 ipse
664 2606 725 2650 rex
753 2585 790 2648 in
818 2586 1009 2651 meridiana
1038 2586 1134 2650 fluvii
1164 2587 1267 2671 plaga
1298 2607 1376 2650 cunr

204 2678 383 2741 innumero
405 2675 527 2753 milite,
554 2677 634 2740 duci
658 2696 719 2740 suo
743 2675 956 2760 praecipiens
979 2676 1016 2738 in
1039 2675 1232 2759 aquilonari
1254 2676 1377 2741 itidem

203 2766 329 2832 facere.
374 2766 430 2842 Elt,
461 2770 502 2829 ut
532 2765 684 2830 assolent
713 2764 837 2841 Sclavi,
870 2768 992 2829 euntes
1022 2785 1083 2850 per
1113 2765 1225 2842 silvas,
1256 2765 1377 2849 lupina

204 2855 326 2920 fraude
350 2858 459 2919 semet
482 2854 703 2918 occultarunt
732 2873 840 2936 usque
869 2853 906 2916 in
936 2854 1059 2930 locum,
1092 2874 1193 2936 quem
1222 2855 1376 2918 condixe-

204 2947 296 3006 runt.
342 2943 554 3027 Incipientes
577 2944 685 3026 igitur
708 2963 729 3006 a
751 2942 893 3006 flumine
909 2942 1104 3007 areisans*
1126 2944 1272 3026 grassati
1296 2948 1377 3006 sunt

204 3031 391 3096 miserabili
420 3031 561 3115 praeda,
598 3031 683 3095 alios
716 3031 855 3114 quidem
885 3031 1182 3114 comprehendunt
1211 3033 1247 3094 in
1277 3031 1377 3097 lectis

205 3115 406 3197 cubantesl,
430 3119 516 3184 alios
531 3123 694 3184 vacantes
715 3124 750 3184 et
766 3120 910 3184 huiusce
925 3119 1008 3184 mali
1031 3120 1156 3184 inscios
1179 3121 1376 3185 subiectis.

206 3207 273 3288 Qui
303 3212 421 3274 autem
450 3229 486 3274 se
516 3212 553 3274 et
582 3229 645 3273 sua
674 3210 777 3272 armis
808 3208 994 3274 defendere
1024 3208 1236 3284 nitebantur,
1270 3211 1377 3273 nimia

203 3298 430 3363 multitudine
453 3297 570 3362 obruti
592 3298 778 3381 perierunt,
803 3297 965 3380 quoniam
987 3297 1040 3361 illi
1061 3298 1207 3362 solitarii
1222 3299 1375 3363 luerunt.

204 3386 281 3451 Hoc
305 3391 423 3452 autem
444 3387 579 3451 iactum
602 3390 655 3451 est
676 3386 765 3451 feria
788 3386 940 3451 secunda
963 3388 1193 3470 sexagesimae
1224 3409 1244 3451 a
1267 3388 1376 3471 primo
1387 3410 1452 3452 rear.
1460 3409 1492 3451 15.

205 3476 406 3560 crepusculo
421 3496 529 3559 usque
545 3495 696 3560 vespere.
731 3475 868 3541 Dehinc
884 3474 975 3539 circa
990 3475 1164 3539 Tullinam
1181 3475 1377 3541 civitatem⁵

105 3568 456 3648 aaaparnoctantes,
487 3560 541 3628 *in
563 3569 692 3630 terram
715 3585 813 3628 suam
835 3564 1014 3628 redierunt
1036 3568 1189 3629 ovantes.
1231 3563 1306 3630 Nec
1329 3565 1377 3627 in-

204 3654 336 3727 merito,
357 3673 534 3736 nunquam
550 3654 642 3718 enirn
658 3654 701 3718 de
717 3653 895 3717 Baoiaria‘v'
915 3656 1050 3717 tantam
1066 3655 1228 3737 praedam
1244 3655 1377 3737 accepit

205 3741 367 3823 Ungaria.
415 3741 482 3806 Sed
506 3744 598 3825 quod
620 3742 747 3806 nostris
770 3741 921 3827 peccatis
942 3741 1159 3824 exigentibus
1175 3743 1292 3806 divina
1307 3743 1376 3806 vin-

206 3830 300 3892 dicta
313 3832 398 3892 tunc
414 3831 451 3892 in
466 3831 565 3894 nobis
581 3831 801 3915 perpetravit,
826 3832 892 3894 hoc
914 3829 984 3894 illis
1007 3831 1133 3912 partim
1148 3831 1185 3892 in
1201 3835 1376 3914 posterum

204 3984 227 4036 a)
241 3981 262 4026 d
276 3983 332 4023 deest
346 3994 370 4033 a,
385 3984 482 4032 supplent
495 3994 522 4022 ac
536 3985 661 4026 Statndetio.
716 3985 739 4036 b)
753 3985 879 4034 Argentina
894 3983 987 4023 civitate
1002 3984 1126 4023 celebravit
1143 3984 1171 4036 (c.
1187 3996 1228 4027 om.
1242 3987 1375 4036 Avertam),

205 4037 243 4077 ubl
264 4034 367 4086 magnam
388 4036 514 4086 principum
535 4036 702 4077 multitudinem
725 4037 839 4088 actaea,
864 4041 888 4075 ut
909 4038 1042 4076 annalistam
1062 4038 1173 4086 scripsisse
1195 4049 1273 4082 censeo.
1301 4041 1376 4083 Η,-Ε.

205 4091 226 4142 c)
241 4089 339 4140 dirigere
352 4091 495 4138 acceptum
510 4095 540 4129 est
555 4091 578 4128 tn
591 4102 616 4140 a,
630 4092 686 4140 quod
701 4092 770 4134 ernist.
824 4089 848 4143 d)
863 4091 912 4133 cub.
927 4090 1024 4130 iniectis
1039 4091 1194 4130 emendandum
1208 4097 1250 4140 eet5
1264 4094 1292 4140 cs.
1304 4105 1375 4142 cupra

201 4156 226 4192 p,
239 4145 273 4195 26,
288 4157 308 4187 n.
323 4142 344 4186 d.
365 4143 431 4186 Η.-Ε.
485 4143 507 4193 e)
521 4143 612 4182 Boiai-ia
626 4155 642 4186 c.

207 4270 232 4335 1)
249 4270 321 4324 Am.
340 4269 414 4321 Saxo
435 4268 472 4319 cd
490 4284 516 4322 a.
530 4269 608 4322 1043.
627 4269 718 4334 refert,
739 4270 876 4335 Aliquam
893 4285 979 4334 recem
997 4271 1161 4321 nativitatem
1181 4271 1292 4322 Deretini
1314 4271 1376 4322 cele·

206 4339 303 4406 basse,
322 4341 367 4392 sed
384 4342 414 4391 ia
432 4355 550 4392 errorem
567 4339 671 4392 tacita.
708 4341 750 4404 Of.
763 4341 877 4408 Stampf
889 4358 932 4394 ar.
943 4343 1022 4396 2223.
1034 4342 1113 4396 2224.
1186 4343 1214 4408 2)
1232 4342 1274 4407 Cf.
1291 4359 1375 4410 cupra

205 4412 241 4461 ad
259 4428 285 4466 a.
299 4414 376 4467 1041.
449 4411 476 4478 3)
494 4411 537 4476 Cf.
558 4411 741 4462 Throroczium
755 4429 785 4478 p.
799 4413 859 4466 123.
931 4413 959 4479 4)
980 4412 1099 4467 Traicere,
1172 4415 1199 4480 ὃ)
1221 4414 1312 4469 natta.
