3268 5036
372 478 551 534 ANNALES
570 476 822 534 ALTAHENSES
841 477 1022 535 MAIORllS.
1058 477 1095 536 A.
1108 481 1186 536 1041.
1332 481 1368 534 27

194 665 320 729 nostris
344 684 488 729 evenere
512 664 556 727 ad
571 664 771 740 utilitatem,
796 665 855 746 qui
879 683 937 727 sex
960 661 1229 727 ebdomadarum
1252 663 1378 746 spacio·

196 775 274 818 cum
297 754 390 818 omni
406 753 622 818 abundantia
638 752 830 817 conversati
846 756 928 816 sunt
943 752 980 814 in
995 752 1057 815 illo
1072 771 1189 834 regno.
1218 751 1367 815 Vastant

194 844 275 925 igne
299 863 385 925 quae
408 842 458 905 ibi
481 846 691 926 supererant,
724 842 875 925 exceptis
904 839 1037 904 duabus
1061 840 1252 924 provinciis,
1282 860 1366 922 quas

194 931 264 995 illis
294 931 486 995 humiliatis
517 931 728 996 dimiserant.
775 931 852 994 Hoc
881 931 918 992 in
947 933 1102 1013 tempore
1133 930 1211 1006 dux,
1238 929 1367 993 certior

194 1020 308 1085 factus
332 1021 374 1084 de
391 1041 452 1084 suo
469 1024 505 1084 et
521 1040 660 1084 suorum
675 1019 837 1103 periculo,
863 1019 995 1102 legatos
1010 1018 1152 1082 tandem
1167 1018 1367 1100 frequentes

195 1109 321 1173 direxit
343 1129 386 1173 ex
401 1109 515 1173 animo
532 1110 576 1173 ad
591 1129 709 1173 omnes
725 1109 905 1193 principes,
930 1111 971 1170 ut
986 1107 1226 1190 deprecatores
1243 1110 1365 1182 essent,

195 1199 254 1262 sed
267 1198 545 1281 quandoquidem
557 1199 790 1262 conditionem
803 1197 969 1281 placitam
983 1216 1053 1259 non
1068 1195 1281 1272 obtulerunt,
1299 1215 1367 1260 sae·

195 1287 271 1370 pius
286 1287 416 1351 inlecto
432 1287 575 1369 negocio
598 1287 710 1351 redire
727 1287 837 1350 coacti
853 1289 968 1350 sunta
1006 1284 1121 1367 Igitur
1136 1284 1239 1348 multi
1253 1289 1367 1348 terrae
1377 1305 1438 1348 rm.

194 1376 366 1459 principes
400 1396 470 1438 una
505 1395 584 1438 cum
613 1375 778 1457 Pragensi
814 1373 994 1459 episcopo1
1024 1393 1195 1438 caesarem
1225 1375 1366 1448 adeunt,

195 1464 303 1528 inscio
327 1465 413 1528 duce
438 1484 473 1528 se
498 1465 631 1528 dedunt
660 1463 875 1546 gratiamque
905 1463 1076 1538 obtinent,
1109 1462 1290 1526 consilium
1319 1462 1367 1524 in-

196 1552 416 1634 colarumque
446 1552 621 1635 aperiunt,
658 1555 719 1616 aut
753 1551 819 1636 ipsi
854 1552 934 1615 duci
968 1553 1013 1615 ad
1043 1571 1215 1616 caesarem
1245 1554 1367 1634 sponte

198 1641 412 1717 veniendum,
437 1644 498 1704 aut
521 1642 633 1724 ipsum
656 1640 854 1725 propediem
877 1641 913 1703 in
936 1639 1082 1703 vinculis
1106 1659 1179 1704 sese
1203 1640 1367 1704 adductu-

194 1751 259 1793 ros.
299 1728 400 1808 Quod
414 1730 475 1794 ubi
492 1730 561 1792 dux
577 1730 747 1813 cognovit,
771 1729 913 1794 insidias
936 1729 1209 1812 praeoccupavit,
1234 1728 1367 1811 legatos

195 1839 236 1882 ex
260 1819 374 1882 animo
397 1818 569 1902 supplices
592 1818 712 1894 mittit,
737 1818 890 1882 omnium
905 1810 1150 1881 familiariumb
1166 1820 1367 1901 purpurato-

194 1928 270 1969 rum
294 1908 460 1971 auxilium
483 1928 523 1971 ac
546 1928 647 1991 opem
669 1907 840 1991 implorat,
869 1911 910 1970 ut
933 1906 1062 1970 liceret·
1077 1926 1150 1970 sese
1174 1907 1367 1970 cumomni

194 2017 300 2079 regno
316 1997 453 2079 suisque
470 1997 596 2061 dedere
612 2000 648 2061 et
664 1997 811 2078 gratiam
828 1996 983 2072 caesaris,
1008 1994 1117 2060 veluti
1140 1995 1206 2079 ipsi
1229 1995 1366 2077 suisque

194 2084 362 2168 placeret,
400 2105 574 2167 quaerere.
633 2085 795 2148 Promisit
830 2085 969 2167 quidem
1004 2083 1067 2148 sub
1102 2084 1296 2148 iuramento
1331 2105 1366 2148 se

193 2173 426 2237 Radisbonam
455 2177 640 2238 venturum
675 2177 711 2237 et
745 2173 855 2236 omnis
890 2172 1132 2237 subiectionis⁰
1167 2173 1367 2237 humilitate

195 2263 323 2326 caesari
354 2262 574 2326 subditurum
597 2265 633 2326 et
656 2265 734 2325 octo
757 2261 855 2325 milia
885 2260 1040 2324 semisses
1070 2260 1220 2343 pondere
1250 2261 1367 2344 regio²

186 2348 380 2433 'pensurum
415 2353 450 2414 et
484 2371 601 2414 omnes
637 2350 789 2433 captivos
825 2351 867 2414 de
900 2348 1046 2412 Bolania
1080 2348 1297 2413 redditurum
1332 2353 1367 2412 et

194 2439 357 2520 quicquid
381 2439 510 2503 caesari
532 2438 588 2502 vel
612 2439 771 2520 cuiquam
794 2432 1082 2523 purpuratorum(1
1107 2437 1141 2500 vi
1164 2437 1220 2502 vel
1242 2437 1366 2502 fraude

194 2526 435 2603 subtraxisset,
468 2531 582 2591 totum
612 2527 649 2590 in
678 2528 853 2610 integrum
881 2527 1135 2592 restituturum.
1188 2526 1234 2590 nt
1263 2526 1366 2589 huius

193 2616 242 2680 rei
272 2617 423 2699 quinque
455 2616 552 2680 dedit
581 2617 726 2692 obsides,
759 2616 869 2679 filium
899 2616 1031 2680 scilicet
1061 2636 1160 2679 suum
1185 2619 1220 2680 et
1243 2636 1366 2699 pueros

193 2708 341 2787 quatuor
357 2705 559 2789 principum,
577 2727 661 2788 quos
678 2725 795 2771 caesar
811 2709 930 2781 morte,
953 2724 1021 2787 qua
1036 2704 1171 2781 liberet,
1195 2705 1364 2788 perderet,

193 2793 259 2856 nisi
282 2795 354 2877 ipse
379 2795 538 2858 condicta
568 2794 757 2879 perficeret.
804 2795 883 2879 Ipse
908 2795 1014 2858 etiam
1036 2794 1245 2858 munitiones
1269 2793 1366 2858 silva-

192 2903 269 2945 rum
298 2883 399 2965 iussit
428 2883 562 2967 aperiri,
594 2884 653 2966 qui
683 2887 787 2948 antea
812 2883 945 2947 fecerat
968 2902 1025 2946 eas
1048 2883 1184 2957 muniri,
1216 2887 1252 2947 et
1275 2883 1366 2946 viam

193 2971 396 3034 latissimam
425 2971 591 3055 planavit,
622 2992 683 3056 per
712 2993 816 3054 quam
845 2975 941 3036 totus
971 2971 1139 3036 exercitus
1169 2971 1300 3036 sineri
1330 2976 1366 3037 et

195 3057 292 3122 clade
323 3078 400 3121 cum
429 3060 559 3122 honore
583 3063 619 3124 et
642 3060 790 3124 maxima
817 3061 945 3144 praeda
971 3061 1183 3145 repatriavit.
1230 3059 1366 3126 Dehinc

194 3148 340 3211 duarum
356 3147 650 3232 hebdomadarum
665 3149 799 3232 spacio⁰
825 3153 973 3233 peracto,
997 3150 1093 3214 venit
1117 3150 1186 3213 dux
1210 3148 1266 3214 die
1291 3169 1365 3213 con-

194 3236 286 3300 dicto
317 3257 396 3300 cum
425 3236 597 3320 plerisque
627 3236 696 3300 suis
720 3237 931 3321 principibus
956 3242 991 3302 et
1013 3238 1126 3319 regiis,
1157 3242 1198 3301 ut
1222 3238 1365 3321 dignum

193 3329 277 3401 erat,
308 3325 516 3399 muneribus,
548 3329 583 3390 et
613 3347 748 3390 caesare
779 3327 920 3391 sedente
948 3326 984 3389 in
1008 3326 1139 3410 palatio
1163 3348 1241 3390 cum
1265 3330 1365 3391 caetu

193 3414 366 3478 seniorum
375 3415 396 3490 ³,
421 3415 569 3500 procidit
592 3414 651 3478 ille
667 3419 749 3480 ante
766 3435 961 3479 consessum
980 3415 1119 3479 illorum
1135 3415 1364 3492 discalciatus

192 3506 233 3564 ut
256 3504 419 3586 poscebat
442 3506 552 3567 honor
575 3504 699 3586 regius,
724 3505 792 3568 iam
808 3503 886 3588 plus
902 3503 1115 3580 humiliatus,
1140 3524 1243 3586 quam
1262 3507 1366 3568 antea

193 3611 296 3675 supra
320 3612 355 3656 se
378 3591 485 3656 tuerit
509 3591 691 3656 exaltatus.
738 3592 907 3656 Primates
932 3613 1013 3675 ergo
1036 3593 1155 3668 nostri,
1181 3592 1253 3657 eius
1269 3593 1365 3657 mise·

192 3679 264 3743 riae
288 3681 464 3763 compassi,
495 3701 596 3745 suum
618 3680 671 3744 illi
695 3679 883 3765 praebuere
906 3681 1082 3757 auxilium,
1106 3681 1180 3764 regi
1204 3681 1366 3746 decenter

194 3766 280 3830 dant
303 3768 492 3846 consilium,
521 3772 562 3831 ut
585 3769 776 3853 supplicem
799 3768 987 3834 clementer
1010 3769 1198 3854 susciperet
1221 3774 1257 3834 et
1279 3769 1365 3854 prio-

91 3875 265 3925 *arcurem
293 3856 508 3921 dominatum
541 3853 612 3920 *illi
641 3858 811 3923 redderet.
859 3857 969 3937 Quem
997 3859 1058 3923 ubi
1088 3859 1232 3942 recepit,
1263 3859 1365 3923 iusiu-

192 3945 340 4008 randum
362 3946 436 4028 regi
457 3945 552 4024 iecit,
576 3949 712 4010 uttam
735 3946 847 4012 fidelis
870 3948 924 4011 illi
946 3951 1111 4024 maneret,
1140 3969 1243 4030 quam
1266 3948 1365 4014 miles

193 4034 318 4098 seniori
342 4053 414 4098 esse
437 4033 586 4112 deberet,
618 4035 777 4100 omnibus
808 4035 925 4102 amicis
954 4037 1026 4101 eius
1048 4037 1124 4102 fore
1147 4058 1182 4102 se
1205 4038 1363 4115 amicum,

192 4205 215 4256 a)
224 4207 297 4246 coacti
306 4205 381 4246 redire
391 4218 421 4255 c.,·
434 4211 488 4246 sunt
496 4208 593 4256 supplevi
596 4221 605 4257 ,·
623 4206 741 4249 redierunt
754 4211 809 4252 coni.
824 4210 889 4252 lit-E.
930 4211 954 4258 b)
967 4210 1102 4250 familiarum
1112 4221 1129 4252 c.
1170 4212 1194 4258 c)-
1205 4210 1337 4250 subictionis
1347 4223 1364 4252 e.

193 4257 217 4310 d)
226 4260 390 4308 praefectorum
400 4260 495 4300 limitum
504 4262 651 4309 mperecrvpta
660 4266 679 4301 et
688 4263 843 4304 marchionum
851 4264 876 4302 in
884 4275 955 4312 mum.
965 4268 1087 4306 warocum.
1122 4265 1143 4312 e>
1151 4267 1251 4314 tempore
1258 4274 1364 4313 aspersu:

194 4383 220 4447 1)
236 4383 335 4439 Severo.
407 4385 435 4453 2)
447 4386 488 4450 Cf.
502 4386 655 4452 Steindcrffi
672 4387 861 4440 ‘Jahrbucter’
874 4388 897 4452 I,
908 4406 936 4455 p.
949 4389 1009 4454 110,
1028 4405 1056 4443 n.
1069 4390 1094 4444 5.
1167 4388 1195 4456 3)
1209 4389 1364 4441 Rccmensc

194 4453 298 4506 Octobri
313 4456 473 4510 Rutiebcncc
491 4458 553 4522 fuit.
591 4457 632 4522 Cf.
651 4458 765 4527 Siumpf
777 4475 821 4514 rer.
839 4460 919 4514 2220.
