3268 5036
388 437 568 492 sununs
586 436 841 493 ALTAHENSES
858 409 1040 494 umores.
1076 437 1113 494 n.
1126 440 1204 494 1043.
1346 441 1381 493 aa

206 625 288 687 inde
312 643 474 705 magnam
497 621 745 686 exhibitionem
767 621 841 702 regi
865 621 1083 705 promittunt,
1114 619 1247 684 scilicet
1277 621 1381 703 capti-

207 733 337 787 vorum,
369 731 454 793 quos
477 710 657 785 haberent,
687 709 932 786 remissionem,
964 729 1091 785 eorum,
1123 729 1207 791 quos
1236 709 1380 773 reddere

207 822 277 864 non
307 803 456 884 possent,
491 799 743 881 coemptionem
773 801 810 862 et
838 798 979 881 insuper
1007 798 1098 880 regis
1128 796 1241 879 gratia
1269 797 1382 860 multa

208 890 282 966 auri
306 886 491 972 ponderat
536 886 611 950 Rex
633 905 724 961 vero,
755 890 971 969 pertractans
995 906 1114 951 eorum
1140 886 1379 961 intentionem,

208 977 340 1042 scilicet
362 976 455 1058 quod
477 975 644 1059 impedire
659 975 792 1039 vellent
812 975 885 1038 eius
903 975 1169 1058 expedicionem,
1192 974 1379 1057 respondit,
1414 1031 1416 1034 .

207 1067 288 1148 quia
311 1069 452 1149 paetum
474 1064 589 1128 facere
613 1062 733 1141 nollet,
758 1064 957 1146 priusquam
972 1063 1214 1146 Radasponam
1236 1063 1380 1138 veniret,

209 1159 244 1218 et
266 1155 333 1218 nisi
355 1157 440 1216 tunc
469 1151 542 1216 tale
572 1152 737 1234 quiddam
767 1171 868 1235 super
899 1151 1054 1216 exhibita
1081 1151 1260 1228 adderent,
1290 1151 1382 1233 quod

207 1247 365 1326 satrapae
394 1242 447 1305 sui
476 1244 617 1304 contral
644 1239 738 1303 illius
761 1243 875 1304 terrae
899 1239 1034 1323 populis
1057 1238 1253 1322 probarent.
1299 1239 1382 1302 Mox

208 1352 299 1414 ergo,
323 1335 365 1393 ut
387 1351 448 1394 rex
471 1333 506 1394 et
530 1329 583 1392 sui
607 1328 759 1411 expediti
782 1349 822 1392 eo
840 1331 1016 1406 venerant,
1042 1331 1077 1392 et
1100 1327 1163 1404 illi,
1187 1331 1229 1390 ut
1251 1327 1381 1390 iussum

206 1419 294 1495 fuit,
325 1419 486 1494 aderant,
517 1417 644 1480 iterata
674 1417 855 1500 sponsione
885 1416 1091 1501 ampliantes
1121 1419 1269 1493 cuncta,
1294 1436 1452 1498 quaerar.

208 1507 446 1590 promiserant,
478 1505 538 1569 sed
568 1505 633 1588 ipsi
662 1526 734 1568 una
762 1524 800 1569 re
827 1508 968 1589 pactum
993 1505 1064 1584 iam
1086 1504 1245 1567 futurum
1267 1503 1381 1567 turba-

208 1598 343 1671 verunt,
368 1595 493 1678 quippe
517 1593 598 1676 quia
620 1613 737 1677 regem
759 1614 820 1678 pro
843 1613 928 1677 pace
950 1593 1064 1656 iurare
1083 1586 1391 1676 postulaveruntb,

209 1683 354 1765 ideoque
388 1683 519 1746 iniecto
549 1683 692 1764 negocio
721 1683 909 1747 redierunt.
955 1681 1106 1745 Veniens
1137 1700 1217 1764 ergo
1247 1701 1307 1746 rex
1337 1682 1448 1755 adsug.

207 1773 395 1836 terminum
423 1772 538 1854 regni,
569 1771 631 1834 ubi
660 1771 830 1836 exercitus
859 1773 1109 1847 recenseretur,
1141 1769 1309 1847 decrevit,
1340 1773 1381 1833 ut

208 1861 343 1924 hostilis
366 1864 460 1925 terra
482 1859 603 1944 procul
626 1859 732 1923 dubio
754 1860 985 1936 invaderetur,
1017 1862 1053 1922 et
1081 1858 1185 1922 factis
1212 1859 1381 1923 machinis

209 1953 329 2012 contra
352 1970 446 2032 opus,
478 1969 546 2031 quo
573 1949 717 2011 fiuvium
739 1948 928 2031 Rapiniza2
951 1946 1176 2023 occluserant,
1206 1947 1243 2010 in
1267 1948 1382 2011 crasti-

207 2059 291 2100 num
325 2039 528 2121 impugnare
564 2037 814 2120 disposuerant.
867 2036 1022 2101 Tandem
1051 2055 1175 2100 venere
1210 2034 1381 2119 supplices

208 2126 331 2208 legati,
368 2125 485 2189 dolore
521 2125 674 2188 animum
709 2124 926 2200 stimulante,
963 2124 1151 2207 desperati,
1191 2144 1311 2207 paoem
1346 2128 1382 2188 et

207 2215 344 2278 veniam
366 2235 428 2297 pro
452 2213 587 2276 delictis
611 2215 758 2290 orantes,
791 2215 827 2276 et
856 2212 1020 2293 quicquid
1047 2212 1123 2293 regi
1153 2215 1188 2274 et
1211 2213 1382 2295 optimati·

208 2301 272 2364 bus
307 2300 476 2384 placeret,
512 2319 548 2362 se
582 2298 735 2362 facturos
771 2300 977 2382 spondent0.
1023 2299 1120 2360 Tunc
1155 2300 1382 2363 condixerrmt

210 2389 384 2472 captivum
413 2387 589 2471 populum,
620 2390 661 2449 ut
691 2388 906 2471 praedictum
936 2390 997 2465 est,
1028 2386 1206 2450 remittere
1227 2387 1284 2450 vel
1310 2407 1383 2470 pre

209 2477 300 2540 cium
330 2475 394 2540 sub
424 2475 646 2539 iureiurando
669 2476 812 2540 reddere
837 2479 872 2540 et
895 2479 1030 2559 partem
1052 2475 1173 2558 regni³
1195 2477 1380 2553 retrudere,

209 2585 297 2647 quae
327 2565 501 2647 quondam
531 2563 707 2648 Stephano
738 2564 821 2627 data
849 2564 966 2629 fuerat
996 2583 1099 2628 causa
1129 2563 1314 2640 amiciciae,
1346 2569 1382 2628 et

208 2655 349 2737 insuper
376 2674 438 2737 pro
466 2652 628 2717 lenienda
651 2653 724 2736 regi
748 2651 881 2716 offensa
904 2653 986 2717 dare
1011 2652 1125 2717 0000
1149 2653 1225 2716 auri
1246 2652 1383 2716 talenta

207 2743 423 2825 totidemque
449 2741 557 2826 pallia
588 2745 623 2806 et
645 2742 785 2824 reginae
810 2739 927 2806 Gislae
955 2742 1099 2806 reddere
1128 2745 1262 2820 cuncta,
1294 2761 1382 2824 quae

208 2832 353 2896 maritus
377 2832 450 2896 eius
473 2831 566 2894 idem
583 2829 779 2914 Stephanus
804 2830 835 2894 ei
859 2830 1056 2908 donaverat,
1081 2849 1169 2912 quae
1191 2831 1268 2908 iste,
1293 2831 1382 2895 sieut

208 2918 348 2996 Petrus,
383 2919 437 2982 illi
471 2919 605 3003 pridem
640 2918 842 2983 abstulerat.
895 2918 992 2983 Haec
1027 2922 1144 2983 autem
1178 2920 1294 2982 omnia
1321 2939 1382 2984 rex

208 3007 402 3089 Ungaricus
431 3007 504 3090 ipse
534 3006 679 3070 iurando
709 3006 867 3089 promisit
897 3011 932 3071 et
961 3007 1102 3090 insuper
1132 3008 1221 3070 datis
1249 3012 1381 3092 septem

209 3094 395 3171 obsidibus,
427 3115 511 3177 quos
533 3097 706 3159 nostrates
729 3095 924 3171 voluerunt,
955 3095 1134 3173 stabilivit,
1166 3115 1207 3160 ea
1230 3095 1317 3179 lege,
1340 3101 1382 3160 ut

206 3185 245 3246 in
274 3184 367 3248 festo
397 3183 557 3264 Andreae
591 3183 645 3246 his
679 3182 843 3267 perfectis
877 3184 1113 3268 reciperentur
1147 3187 1208 3248 aut
1242 3184 1488 3252 infectisrovso.

208 3273 444 3355 perderentur.
479 3270 629 3336 Proinde
645 3270 721 3336 Deo
745 3272 850 3354 digna
864 3273 1049 3336 reddentes
1064 3273 1256 3355 praeconia,
1280 3294 1381 3337 unus-

208 3362 351 3444 quisque
375 3361 515 3424 domum
537 3360 639 3424 redit.
686 3360 768 3423 Mox
797 3364 985 3424 convocata
1013 3380 1084 3423 non
1114 3361 1238 3424 minori
1268 3361 1382 3425 multi·

207 3450 329 3514 tudine
353 3449 529 3532 proiectus
554 3451 606 3512 est
629 3468 689 3512 rex
705 3443 977 3513 Vesontionum‘l
1003 3448 1125 3513 urbem
1147 3449 1380 3532 Burgundiae,

209 3541 244 3602 et
267 3537 340 3601 illic
364 3537 545 3621 accipiens,
577 3557 680 3620 qnam
710 3538 951 3622 praediximus,
982 3557 1151 3622 sponsam,
1183 3539 1282 3602 duxit
1306 3559 1381 3602 eam

208 3626 494 3708 Mogonoiaouw
533 3625 650 3709 ibique
685 3627 876 3692 consecrari
914 3645 990 3691 eam
1023 3627 1179 3708 reginam
1213 3621 1380 3706 curavitf,

209 3760 232 3811 a)
241 3765 304 3810 puro,
319 3762 343 3799 bs
356 3763 471 3812 archetypo
481 3766 580 3802 meatum
590 3763 660 3811 tuisse
672 3773 753 3805 coram.
807 3764 831 3810 b)
844 3763 956 3802 emndavr'
964 3766 980 3811 (r
986 3761 1112 3814 redierunt)
1121 3763 1200 3813 Η.·Ε.,·
1213 3764 1356 3813 postularunt
1364 3775 1382 3807 r.

210 3816 230 3861 o)
244 3815 289 3862 lece
301 3812 438 3863 spondentes
452 3815 574 3867 (rorantes)
588 3817 654 3858 ΙΙ-Ε.
714 3813 738 3867 d)
755 3817 786 3855 sic
799 3817 886 3864 Aoent.,·
906 3817 967 3854 Kosa
979 3828 1003 3865 p.
1014 3819 1065 3856 111:
1085 3816 1214 3856 Blzsnclsm
1232 3821 1252 3854 et
1265 3817 1381 3860 Stulndm

209 3864 239 3906 sd
253 3867 381 3906 Bisanclsm
399 3869 465 3913 (recte
474 3870 554 3916 procul
567 3870 633 3908 dubio
647 3869 730 3919 Ian).
805 3869 1080 3920 emmerammenses.
1153 3869 1171 3921 s)
1189 3872 1382 3913 camoenalem

209 3921 310 3970 reglnsm
325 3920 408 3962 staind.
422 3925 477 3960 recte
490 3922 556 3964 Ε-Ε.

210 4027 236 4092 1)
252 4027 412 4079 Lambertus
429 4034 528 4078 narrat
552 4029 608 4078 ium
634 4029 775 4080 Goslors'oe
796 4029 895 4095 loqutus
916 4029 1088 4094 Unqcrorum
1112 4030 1211 4082 renim
1231 4031 1269 4082 cd
1285 4045 1381 4096 repom.

209 4100 236 4165 2)
253 4099 359 4166 Repcze.
431 4097 459 4164 3)
475 4095 554 4164 regni
572 4114 657 4164 usque
676 4098 711 4150 sd
729 4097 829 4152 Litahs
846 4098 949 4152 flumen
967 4102 1083 4167 partem.
1119 4100 1224 4156 Herim.
1239 4102 1310 4165 Aup.
1346 4101 1381 4153 In

209 4172 331 4235 orarum
348 4169 495 4222 Arentinus
512 4172 651 4221 craracit:
672 4167 835 4224 Muneribus
853 4187 950 4238 pacem
969 4169 1028 4223 Ovo
1050 4171 1153 4238 (prime
1169 4173 1308 4224 exoravit:
1326 4188 1381 4238 pax

209 4239 243 4292 ab
262 4238 367 4308 Ovone)
384 4239 430 4293 vix
447 4239 585 4308 impetrat,
608 4239 687 4306 iurat,
713 4241 792 4310 regni
813 4245 920 4308 partem
943 4239 1096 4310 aLithaha
1114 4257 1200 4308 usqne
1217 4240 1330 4296 flumine
1349 4258 1381 4296 ac

209 4309 311 4364 Vischa
325 4310 437 4378 recepit,
455 4310 484 4363 in
496 4307 670 4364 Alemaniam
682 4311 772 4366 vertit.
810 4313 910 4376 Quibus
927 4313 1042 4364 eiusdem
1053 4313 1174 4366 Annales
1191 4315 1288 4378 ducum
1300 4315 1381 4365 Boia·

208 4383 267 4432 riae
284 4383 344 4448 V,7
363 4381 558 4449 (‘Sdmmtliclse
574 4380 677 4433 Werlre'
695 4381 751 4448 III,
768 4400 797 4449 p.
809 4384 844 4438 49
857 4385 913 4450 sq.)
931 4390 955 4435 et
973 4383 1127 4451 Steindorff,
1147 4384 1337 4437 ‘Jahruzcher’
1355 4386 1379 4453 Ι,

206 4469 235 4518 p.
248 4453 308 4519 181,
327 4469 354 4508 n.
373 4456 397 4507 3.
416 4454 546 4518 conseras.
1150 4512 1167 4563 3
