3268 5036
257 443 293 496 30
435 438 614 494 ANNALES
633 437 886 495 ALTAHnNsns
905 439 1087 497 MAIORES.
1123 443 1159 501 A.
1174 446 1251 501 1042.

256 624 452 700 reservavit,
478 624 605 708 partim
621 623 755 687 interea
770 622 857 686 locil
872 627 1154 708 repraesentavit.
1192 626 1283 690 Nam
1299 633 1430 711 quanta

256 712 331 796 regi
354 712 491 795 suisque
515 711 718 794 sequacibus
741 712 810 775 fuit
833 713 1051 796 prosperitas,
1074 717 1176 779 tanta
1197 716 1276 780 duci
1301 720 1336 781 et
1360 718 1429 781 suis

257 800 537 865 conmilitonibus
565 800 718 865 obviavit
742 801 936 865 austeritas.
984 799 1050 880 Qui
1074 804 1156 867 dum
1181 825 1222 868 ex
1245 810 1429 889 praecepto

256 891 347 973 regis
378 891 498 954 eadem
528 889 584 954 die
615 893 650 954 et
673 889 776 953 simili
799 890 923 954 fraude
946 892 1251 974 septentrionalem
1274 892 1429 958 Danubii

256 983 385 1044 terram
416 979 558 1044 deberet
581 982 725 1054 vastare,
757 979 838 1061 quia
868 979 1026 1044 similiter
1056 981 1240 1065 imparatos
1271 982 1427 1060 offendit,

257 1087 418 1150 magnam
441 1068 579 1150 quidem
595 1067 833 1150 captivitatem
850 1068 1030 1150 congessit,
1056 1071 1116 1134 sed
1135 1091 1210 1134 eam
1227 1070 1294 1136 Dei
1317 1073 1429 1153 gratia

193 1181 247 1224 ru.
258 1157 420 1220 citissime
443 1156 610 1221 remisit⁸.
656 1156 788 1220 Aderat
811 1157 861 1220 ibi
883 1160 959 1219 tum
982 1158 1135 1222 marchio
1158 1159 1369 1224 Adalbertus
1393 1164 1429 1225 et

256 1244 463 1328 Liupoldus,
497 1244 589 1308 filius
619 1245 708 1322 eius,
740 1265 818 1308 cum
847 1246 1048 1330 parvissima
1076 1268 1181 1310 manu
1211 1246 1362 1311 militnm
1393 1253 1429 1313 et

256 1334 470 1410 servitorum,
494 1333 621 1417 quippe
645 1354 709 1398 nec
731 1334 878 1417 triginta
901 1333 1069 1399 habentes
1087 1340 1311 1400 scutatorum.
1357 1337 1429 1400 Alii

257 1422 362 1486 etiam
385 1422 525 1504 quidam
547 1422 681 1487 nobiles
705 1426 741 1487 et
763 1422 872 1487 fortes
890 1422 927 1485 in
943 1423 1091 1506 praediis
1108 1425 1177 1488 suis
1193 1426 1426 1503 morabantur,

256 1511 316 1594 qui
350 1512 416 1575 hoc
449 1510 580 1574 malum
614 1531 678 1575 nec
713 1512 887 1576 sciverunt
921 1531 985 1576 nec
1015 1511 1257 1595 opinabantur.
1310 1514 1362 1577 Ex
1391 1535 1428 1578 re

254 1603 373 1664 tamen
397 1603 433 1664 et
454 1603 610 1683 tempore
633 1604 716 1663 sunt
731 1601 931 1684 congregati
956 1603 991 1664 et
1014 1605 1123 1665 semet
1145 1602 1292 1667 invicem
1313 1605 1427 1667 cohor·

255 1689 322 1753 tati
357 1689 509 1752 hostium
535 1688 740 1774 ¹legionibus
777 1689 916 1754 obviare
951 1693 1002 1766 et,
1039 1693 1207 1772 quantum
1237 1691 1302 1755 sibi
1332 1692 1427 1756 Deus

257 1778 415 1842 auxiliari
435 1778 606 1860 dignetvn,
631 1781 812 1861 temptare,
837 1777 991 1842 dicentes
1012 1772 1210 1843 honestiusb
1232 1799 1305 1844 esse
1321 1781 1427 1844 vitam

256 1868 398 1950 perdere
437 1887 516 1930 cum
549 1868 695 1943 honore,
735 1886 838 1948 quarn
872 1887 951 1930 cum
985 1868 1152 1932 dedecore
1187 1868 1426 1951 prolongaret

256 1955 419 2018 Hostium
449 1959 575 2033 antem,
606 1959 647 2018 ut
677 1955 913 2040 comperimus,
944 1957 1063 2021 decem
1093 1957 1246 2040 legiones
1273 1957 1426 2034 fuerunt,

256 2064 343 2126 quae
373 2044 409 2107 in
440 2048 510 2109 tres
540 2048 656 2128 partes
687 2044 816 2109 divisae
846 2048 937 2108 sunt.
990 2044 1125 2109 Harum
1159 2067 1230 2109 una
1264 2047 1428 2129 praedam

256 2132 428 2210 servabat,
464 2134 575 2198 altera
608 2133 821 2198 nostratibus
855 2138 1053 2217 pugnatura
1082 2133 1258 2212 obviabat,
1294 2135 1428 2217 reliqua

228 2257 231 2264 ·
255 2226 333 2306 post
355 2225 493 2306 tergum
516 2223 681 2286 irruitura
704 2222 877 2287 latitabat.
924 2222 1141 2286 Nostratium
1162 2227 1288 2300 autem,
1313 2244 1427 2306 quarn-

255 2313 306 2376 vis
328 2332 399 2375 non
422 2313 536 2376 adhuc
560 2316 675 2376 essent
697 2313 855 2388 trecenti,
880 2312 1043 2376 insiluere
1060 2333 1116 2376 eos
1133 2313 1266 2396 impetu
1281 2313 1425 2395 ingenti,

256 2400 382 2464 multos
405 2400 586 2477 necabant,
618 2400 798 2484 plerosque
822 2399 1034 2477 sauciabant,
1059 2421 1195 2485 paucos,
1220 2402 1280 2484 qui
1302 2401 1426 2484 reliqui

256 2493 363 2566 erant,
388 2489 569 2572 fugabant.
616 2489 681 2552 His
698 2488 764 2554 Dei
787 2490 900 2572 gratia
923 2490 1102 2573 superatis,
1128 2491 1343 2554 diverterunt
1367 2490 1426 2554 eri·

255 2599 335 2663 pere
351 2577 612 2643 multitudinem
627 2578 848 2662 captivitatis.
889 2577 957 2642 Sed
980 2582 1016 2641 et
1038 2578 1117 2642 illos
1139 2578 1243 2643 facile
1259 2580 1425 2656 vicerunt,

255 2668 336 2750 quia
358 2666 546 2730 Dominum
570 2668 762 2732 adiutorem
789 2667 916 2731 habere
939 2670 1150 2732 meruerunt.
1198 2666 1324 2732 Omnes
1348 2688 1426 2750 quo·

255 2775 321 2838 que
349 2755 486 2838 captivi,
515 2755 686 2820 faeminae
710 2755 812 2819 simul
836 2758 871 2820 et
894 2755 968 2832 viri,
999 2759 1182 2839 postquam
1205 2777 1283 2821 suos
1307 2777 1426 2840 cogno·

255 2846 388 2919 verunt,
419 2842 495 2907 Deo
524 2845 654 2926 gratias
682 2844 904 2921 rettulerunt,
936 2847 973 2908 et
1001 2844 1140 2922 lanceis,
1172 2846 1291 2910 cultris
1323 2850 1425 2928 atque

255 2931 391 3014 sagittis
414 2932 452 2994 in
468 2933 696 3017 captivatores
719 2937 800 2997 sunt
823 2934 979 3016 grassati,
1005 2934 1114 2998 donec
1130 2955 1247 2999 omnes
1265 2935 1426 2998 iacebant

254 3021 430 3084 trucidati.
478 3019 650 3104 Quicquid
666 3022 758 3086 enim
773 3044 844 3087 sors
861 3022 999 3099 obtulit,
1024 3025 1089 3087 hoc
1112 3024 1164 3087 ira
1183 3023 1294 3088 telum
1309 3023 1452 3092 faeit1.s

254 3109 320 3173 His
336 3110 386 3172 ita
401 3111 517 3193 gestis,
535 3109 684 3174 Domino
701 3112 878 3195 condignis
895 3112 1057 3176 laudibus
1072 3113 1264 3189 redhibitis,
1287 3113 1426 3176 domum

255 3199 367 3264 redire
389 3199 554 3278 volentes,
586 3201 750 3264 maximas
774 3200 935 3285 legiones,
966 3195 1120 3265 turmas‘l
1145 3200 1266 3266 vident
1289 3204 1367 3284 post
1390 3220 1426 3263 se

254 3289 291 3351 in
320 3288 453 3352 insidiis
483 3288 678 3366 latitantes,
709 3293 843 3373 partem
873 3290 1006 3354 scilicet
1035 3310 1070 3353 se
1101 3293 1179 3372 post
1208 3292 1354 3370 tergum,
1385 3292 1426 3351 ut

256 3377 386 3441 dictum
417 3381 478 3454 est,
509 3382 666 3461 paratam
695 3379 824 3443 irruere
848 3383 883 3444 et
906 3380 943 3441 in
966 3397 1024 3442 ore
1047 3377 1155 3459 gladii
1177 3376 1254 3439 neci
1277 3376 1424 3438 tradere.

256 3464 367 3545 Quam
390 3487 469 3529 mox
491 3469 531 3530 ut
554 3467 729 3543 videbant,
760 3468 861 3551 pauci
890 3470 1025 3530 tantam
1054 3462 1315 3526 multitudinem
1337 3463 1424 3526 inire

253 3555 466 3633 titubabant,
496 3556 643 3621 maxime
673 3557 754 3639 quia
781 3556 850 3619 iam
873 3556 915 3618 de
938 3557 1039 3617 tanta
1062 3552 1144 3615 cede
1168 3550 1251 3615 fessi
1273 3550 1446 3618 fuerant..

254 3645 409 3708 Tandem
431 3665 490 3728 spe
515 3665 677 3710 conversa
700 3646 744 3708 ad
767 3644 943 3726 gigantem
967 3639 1140 3715 ecclesiae,
1166 3639 1222 3702 cui
1244 3643 1425 3723 peccatum

255 3737 307 3798 est
337 3734 511 3809 diffidere,
547 3734 701 3798 inierunt
735 3731 919 3815 praelium,
954 3731 1154 3792 invocantes
1185 3729 1424 3794 auxiliatorem

254 3822 320 3887 Dei
344 3823 470 3898 filium;
495 3843 563 3905 quo
587 3823 691 3886 etiam
715 3820 902 3884 adiuvante
925 3820 1041 3882 hostes
1060 3821 1141 3880 sunt
1157 3818 1294 3902 penitus
1310 3819 1423 3895 occisi,

254 3916 391 3995 praeter
420 3912 479 3994 qui
506 3911 621 3994 fugati
643 3911 862 3972 incurrenmt
888 3907 1062 3990 gurgitem
1084 3905 1235 3972 fluminis
1259 3908 1425 3972 Maraha²

255 3999 348 4078 dicti,
380 4021 526 4082 quorum
556 4000 660 4063 etiam
690 3997 829 4082 plurimi
858 3996 966 4059 vitam
996 3994 1059 4059 sub
1083 3997 1185 4060 undis
1209 3997 1422 4072 dimiserunt,

254 4139 276 4185 a)
289 4138 362 4176 scriba
375 4137 475 4175 Avmttm’
488 4136 589 4174 accrevit
602 4144 635 4183 ea,
653 4144 707 4184 quae
722 4137 845 4182 sequuntur,
898 4134 921 4181 b)
935 4133 1054 4174 honestum
1068 4145 1085 4176 c.
1140 4136 1161 4188 c)
1173 4135 1271 4184 syllabae
1285 4133 1361 4172 melius
1374 4142 1423 4170 oon·

254 4195 339 4241 sonant,
355 4192 374 4229 sl
388 4191 441 4239 lepis
455 4190 510 4238 prol.
526 4200 575 4227 cnm
590 4185 641 4229 ded.
661 4187 726 4229 Η.-Ε.
794 4185 817 4238 d)
831 4191 915 4228 turmas
930 4188 999 4227 delere
1013 4188 1081 4226 votuit
1096 4189 1204 4230 Bresalau.
1232 4188 1260 4225 At
1270 4191 1333 4235 puto,
1349 4185 1423 4223 arche·

254 4250 328 4294 typum
342 4245 441 4284 aoruca
454 4242 562 4281 maximas
577 4246 661 4281 turmas
675 4244 694 4280 cl
708 4241 766 4279 llaec
780 4243 874 4290 neqrcenti
887 4245 974 4290 partem
991 4242 1078 4282 scilicet
1092 4242 1210 4290 legionum.

255 4354 282 4420 1)
301 4352 406 4404 interea
424 4349 477 4403 loci
495 4352 575 4402 dicito
592 4356 630 4401 est
648 4350 778 4401 Plautino
795 4356 819 4400 et
841 4350 1009 4402 Terentiana.
1082 4347 1109 4414 2)
1127 4348 1168 4412 Cf.
1184 4347 1260 4411 Verp.
1280 4346 1345 4398 Aen.
1361 4346 1422 4412 VII,

254 4425 321 4477 507:
347 4421 421 4489 quod
439 4421 537 4490 cuique
555 4424 695 4488 repertum
714 4420 836 4475 Rimanti
854 4421 939 4473 telum
958 4419 999 4472 ira
1017 4418 1083 4505 facit
1101 4419 1209 4485 (‘Neuee
1226 4417 1320 4471 Aret!
1339 4418 1422 4483 XIII,

250 4513 280 4560 p.
299 4493 373 4558 634).
445 4495 472 4561 3)
490 4495 594 4549 March.
