3270 5028
396 445 575 502 ANNALES
594 446 847 503 ALTAHENSES
866 447 1048 506 MAIORES.
1084 451 1120 506 A.
1134 452 1212 508 1071.
1355 454 1392 507 83

215 635 268 695 est
290 631 412 708 victus,
437 629 631 713 deponitur,
655 633 691 694 et
714 634 792 713 post
814 649 941 714 paucos
965 631 1038 694 dies
1062 631 1150 696 alius
1173 653 1236 716 pro
1256 652 1297 698 eo
1313 653 1390 696 con-

215 717 406 783 sciruicur1.
453 716 600 796 Quando
628 718 734 783 abbas
758 719 941 801 Augiensis
965 719 1052 783 obiit
1062 721 1083 798 ²,
1112 721 1291 805 episcopus
1315 721 1390 785 Hil-

215 805 528 872 denesheimensis³
557 826 719 889 magnam
749 808 915 890 pecuniae
939 808 1173 890 quantitatem
1194 809 1269 892 regi
1292 809 1389 875 dedit

215 899 251 960 et
273 897 419 960 eandem
441 894 619 959 abbatiam
642 896 897 977 consanguineo
919 916 990 973 suo,
1015 896 1136 962 abbati
1151 898 1193 961 de
1209 897 1390 963 Hildenes-

215 984 318 1061 heim,
348 983 521 1066 sigiberto
550 983 689 1047 nomine
698 983 720 1061 4,
752 983 827 1047 dari
856 984 1063 1068 impetravit,
1095 1005 1199 1068 quam
1227 1005 1306 1049 cum
1328 986 1389 1050 ille

214 1092 276 1156 per
310 1072 443 1155 aliquot
476 1074 613 1155 tempus
646 1072 816 1136 tenuisset
850 1075 886 1136 et
921 1073 1058 1136 cuidam
1092 1074 1130 1137 in
1164 1074 1388 1151 confessione,

214 1160 365 1244 qualiter
387 1160 454 1224 sibi
476 1159 513 1223 in
529 1162 738 1244 potestatem
753 1159 941 1238 obvenerit,
965 1161 1231 1239 manifestasset,
1255 1163 1390 1226 audivit

215 1249 258 1313 ab
282 1269 332 1327 eo,
360 1248 398 1312 in
420 1249 619 1312 huiusmodi
645 1252 746 1313 reatu
768 1248 903 1312 nullam
926 1249 1177 1314 confessionem
1199 1249 1256 1314 vel
1278 1251 1390 1314 indul·

214 1339 369 1420 gentiam
392 1337 467 1400 fieri
489 1356 597 1420 posse,
622 1337 689 1400 nisi
712 1338 815 1400 homo
839 1338 885 1414 id,
909 1339 1002 1420 quod
1022 1339 1227 1422 suscepisset
1249 1338 1388 1416 iniuste,

215 1426 351 1490 adhucl
377 1425 415 1487 in
431 1444 533 1488 carne
548 1425 666 1488 vivens
685 1425 860 1490 dimittere
883 1425 1100 1490 festinaverit
1124 1446 1186 1490 sua
1208 1429 1331 1510 sponte
1355 1430 1474 1492 ets102.

214 1515 314 1578 iuste.
352 1512 495 1592 ‘Quam',
519 1512 642 1595 iuquit,
661 1506 752 1597 ‘prob
773 1514 839 1578 hoc
854 1517 997 1597 peccato
1011 1515 1247 1579 remissionem
1262 1515 1391 1599 poterit

215 1603 291 1684 quis
315 1621 461 1685 sperare,
487 1602 580 1684 quod
602 1621 666 1666 neo
689 1603 726 1664 in
746 1603 808 1666 die·
818 1602 930 1666 exitus
947 1602 1000 1666 sui
1015 1602 1093 1666 vult
1109 1623 1129 1667 a
1144 1622 1181 1668 se
1197 1603 1388 1686 separareP’

215 1690 292 1754 Hoc
307 1690 369 1754 ille
385 1689 538 1767 audiens,
562 1691 860 1774 opportunitatem
876 1691 968 1774 cepit
983 1691 1165 1774 inquirere,
1188 1695 1230 1754 ut
1245 1693 1391 1756 eandem

215 1778 391 1843 abbatiam
413 1779 559 1842 honeste
582 1782 697 1862 posset
718 1778 901 1843 dimittere.
949 1779 1048 1844 Inter
1071 1780 1156 1844 haec
1180 1780 1296 1844 extitit
1320 1781 1390 1863 qui-

215 1868 295 1931 dam
317 1866 526 1950 Luitpoldus
535 1865 556 1944 ⁵,
587 1867 768 1944 familiaris
795 1867 878 1950 regi,
909 1869 969 1951 qui
992 1869 1084 1952 cepit
1106 1887 1224 1951 regem
1247 1869 1389 1952 precari,

213 1960 255 2019 ut
271 1957 313 2020 de
330 1957 451 2020 eadem
466 1955 607 2019 abbatia
623 1960 756 2020 curtem
770 1977 877 2019 unam
892 1956 930 2019 in
944 1956 1150 2021 beneficium
1173 1956 1240 2020 sibi
1255 1956 1390 2021 iuberet

215 2045 299 2108 dari.
353 2044 430 2108 Hoc
464 2043 572 2126 igitur
605 2064 686 2127 rege
720 2045 954 2128 praecipiente
988 2045 1051 2109 sub
1082 2045 1229 2109 obtentu
1258 2047 1390 2128 gratiae

214 2152 306 2210 suae,
330 2131 536 2197 venerabilis
559 2132 620 2196 ille
635 2133 696 2210 vir,
721 2136 878 2209 nactusss,
904 2152 1007 2215 quam
1026 2133 1221 2216 quaerebat,
1246 2135 1391 2198 occasio-

213 2241 294 2286 nem
317 2221 411 2284 ultra
432 2219 547 2283 noluit
571 2220 796 2298 dissimulare,
821 2222 895 2284 sed:
921 2219 1040 2298 ‘Ecce’,
1065 2221 1179 2304 inquit
1203 2223 1247 2284 ad
1261 2241 1388 2304 regem,

216 2310 367 2392 ‘paratus
398 2330 474 2372 sum
502 2309 613 2392 ipsam
643 2308 820 2372 abbatiam
842 2309 936 2392 prius
960 2329 1002 2373 ex
1024 2309 1161 2392 integro
1183 2309 1388 2392 relinquere,

215 2418 319 2478 quam
334 2396 377 2460 ob
393 2397 500 2460 vestri
515 2396 665 2479 gratiam
676 2396 790 2460 Deum
806 2400 841 2462 et
857 2400 1013 2461 sanctam
1028 2398 1175 2460 Mariam
1191 2397 1389 2462 offendere’.

214 2485 260 2548 Et
283 2486 349 2550 hoo
373 2485 490 2549 dicens
510 2486 643 2567 virgam
665 2485 874 2568 pastoralem
896 2485 972 2568 regi
993 2486 1156 2563 reddidit,
1180 2485 1321 2569 ipseque
1345 2487 1389 2549 ad

215 2574 364 2656 priorem
376 2593 473 2637 suam
485 2573 661 2637 abbatiam
676 2573 713 2636 in
725 2573 989 2639 Hildenesheim
1003 2575 1118 2639 rediit.
1153 2573 1227 2638 Nec
1240 2575 1301 2638 diu
1312 2578 1391 2657 post

214 2663 307 2726 idem
329 2666 465 2746 tempus
481 2662 689 2746 Luitpoldus
712 2662 896 2740 letabatur,
921 2662 1002 2745 quia
1024 2682 1078 2726 res
1102 2666 1242 2727 sanctae
1258 2662 1390 2726 Mariae

213 2751 406 2834 inquietare
436 2750 653 2815 moliebatur.
704 2751 795 2815 Nam
824 2751 861 2814 in
890 2752 1085 2834 praesentia
1107 2752 1197 2834 regis
1223 2770 1302 2816 cnm
1324 2750 1390 2814 iter

214 2843 342 2922 ageret,
374 2859 461 2921 equo
492 2843 737 2922 expavescente
769 2840 903 2916 cecidit,
935 2843 970 2904 et
1000 2840 1116 2922 gladio
1146 2841 1283 2923 proprio
1314 2859 1442 2904 con-1111.

213 2927 326 2990 fossus
349 2927 491 2990 interiit.
540 2926 627 2990 Oum
654 2931 772 2992 autem
799 2927 935 2991 abbatis
958 2928 1128 3012 praedicti
1151 2931 1249 3011 gesta
1271 2929 1308 2991 in
1332 2947 1390 2992 ore

215 3014 404 3078 multorum
419 3018 637 3078 versarentur
660 3018 695 3080 et
719 3015 763 3079 ab
781 3015 949 3094 omnibus,
975 3017 1034 3100 qui
1057 3017 1250 3093 audierant,
1274 3016 1390 3079 lauda·

214 3105 348 3180 rentur,
384 3103 525 3185 quidam
552 3103 787 3186 Ruodpertus,
824 3103 929 3168 abbas
964 3105 1007 3169 de
1035 3105 1244 3170 monasterio
1279 3105 1391 3168 saneti

214 3191 395 3254 Michaelis
405 3191 426 3268 ⁶,
456 3190 603 3273 triginta
625 3191 730 3255 libras
755 3192 829 3255 auri
840 3192 860 3269 ⁷,
884 3195 925 3256 ut
947 3193 1076 3271 ferunt,
1104 3194 1179 3277 regi
1201 3193 1331 3257 obtulit
1355 3196 1391 3257 et

214 3401 237 3452 a)
250 3398 310 3441 aduc
323 3412 340 3444 c.
394 3399 418 3452 b)
431 3410 473 3450 per
486 3411 503 3442 c.
558 3399 580 3449 c)
593 3402 683 3440 nactam
697 3409 714 3442 c.

216 3560 243 3626 1)
260 3561 371 3612 Praeter
382 3560 559 3613 Bartholdum
576 3565 601 3611 ct
612 3559 785 3610 micanum
802 3559 860 3610 cide
874 3565 935 3610 acto
946 3559 1043 3625 modi
1054 3559 1226 3624 Moqontinae
1242 3564 1267 3610 ct
1286 3558 1391 3611 litteras

214 3633 246 3682 dc
264 3631 309 3682 bia
325 3632 404 3684 rebus
421 3647 439 3683 a
457 3630 594 3696 Siyifriclo
611 3630 809 3697 archiepiscopo
826 3630 863 3680 ud
878 3645 981 3697 papam
999 3631 1079 3682 dctus
1097 3631 1140 3695 (in
1160 3631 1252 3682 Oodr'ce
1268 3629 1392 3680 Udalrici

215 3702 440 3768 Babenberyensis
457 3702 532 3770 aprcd
549 3699 632 3768 Jaffe,
651 3696 723 3756 Bibl.
742 3716 796 3755 rer.
816 3700 906 3755 Geron.
923 3701 953 3765 V,
970 3718 999 3767 p.
1019 3702 1140 3764 68-81,·
1162 3701 1197 3764 cf.
1218 3700 1389 3766 cerebram,

217 3773 387 3824 ‘Kaiscrzeit'
399 3772 455 3840 III,
471 3790 501 3841 p.
515 3773 607 3836 1127).
679 3771 706 3837 2)
728 3771 872 3823 Udulricuc
888 3771 971 3823 abbas
985 3772 1130 3837 sianiensis
1147 3787 1173 3824 a.
1188 3773 1266 3827 1069.
1286 3774 1311 3825 7.
1324 3772 1390 3826 Noc.

215 3849 337 3895 mortum
361 3849 407 3898 est.
497 3843 525 3909 3)
548 3842 651 3898 chc'lo.
741 3842 769 3909 4)
786 3842 988 3908 Meqinwardus
1005 3842 1045 3894 ccl
1062 3842 1259 3908 Mcpc‘nhurdus
1281 3848 1391 3893 ematur

215 3915 290 3981 aprrd
312 3914 488 3966 Bertboldum
510 3914 724 3980 Bcrnobtumquc
747 3920 771 3964 ct
792 3913 973 3967 Lambertum.
1012 3914 1086 3965 Certe
1103 3929 1129 3967 a.
1143 3915 1221 3968 1069.
1241 3913 1391 3978 Siqc'bertus

215 3985 297 4038 abbas
319 3986 375 4049 fuit
398 3987 556 4036 mmmsterii
572 3985 601 4039 S.
620 3984 762 4036 Michaelis
779 3986 809 4035 irc
827 3984 1001 4050 Hiblesheim,
1020 3984 1223 4050 Mcqinwardus
1247 3999 1316 4048 cero,
1342 3985 1391 4050 qui

215 4058 241 4107 cr'
251 4073 277 4110 a.
289 4057 367 4111 1079.
379 4056 503 4119 desumto
514 4057 643 4121 messit,
654 4057 810 4122 primurm
821 4056 937 4107 ciusdem
948 4056 1105 4106 monosterii
1116 4057 1208 4108 mouit.
1226 4055 1256 4108 V.
1265 4055 1388 4119 Ldntacl,

218 4127 379 4180 ‘Geecbr'cbte
396 4127 445 4178 der
462 4127 573 4179 Didzcsc
589 4127 645 4177 uad
663 4126 742 4178 Statii
760 4125 936 4177 Hildesbcim'
954 4126 978 4191 1,
995 4143 1024 4192 p.
1043 4127 1103 4181 338.
1124 4127 1185 4180 339.
1266 4125 1294 4192 5)
1311 4125 1390 4176 mic

213 4199 313 4265 poldon
329 4199 361 4250 dc
379 4198 532 4263 Mo'rsburp.
561 4198 603 4261 Of.
615 4197 788 4248 Lcmbertum
806 4196 869 4262 (SS.
886 4197 916 4262 V,
934 4214 963 4263 p.
977 4197 1042 4254 185)
1060 4203 1084 4250 ct
1102 4197 1257 4250 Bruroncm
1274 4197 1307 4248 de
1324 4196 1391 4248 bello

216 4269 350 4322 Saronico
366 4285 388 4324 c.
400 4270 434 4325 81
455 4268 517 4334 (SS.
533 4268 563 4334 V,
579 4285 608 4336 p.
622 4269 698 4332 362).
752 4268 779 4334 6)
796 4267 1007 4333 Bamberpensc's.
1063 4268 1089 4335 7)
1106 4265 1212 4334 Irrupit
1223 4265 1390 4334 Ruobertus,

216 4338 300 4393 abbas
313 4342 495 4408 cognomento
508 4337 722 4403 Nummularius,
741 4337 925 4390 annumeratis
937 4336 966 4388 in
979 4337 1114 4391 aerarium
1126 4338 1198 4406 regis
1210 4337 1285 4390 mille
1297 4337 1390 4405 pondo

217 4410 323 4479 argenti
340 4409 485 4478 purissimi.
522 4410 689 4464 Lambertus.

1142 4517 1175 4570 6*
