3270 5028
349 496 529 554 ANNALES
547 495 801 554 manasseas
819 495 1001 552 MAIORES.
1037 495 1256 554 a1045.1046.
1354 497 1390 552 41

215 681 329 746 filium
351 680 503 745 Heailini
526 680 669 759 comitis,
695 681 887 765 patruelem
910 681 1077 764 praedicti
1101 678 1249 744 Ottonis.
1295 677 1390 743 Deus

216 774 350 846 autem,
387 770 445 852 qui
474 771 605 846 omnia,
641 789 728 852 quae
758 770 849 847 vult,
880 769 983 846 facit,
1015 789 1133 834 eorum
1162 766 1306 832 consilia
1335 766 1390 830 ad·
1400 789 1436 830 rs.
1444 788 1490 837 113,
1500 788 1519 830 a.

217 858 367 922 nullavit
390 861 426 922 et
447 877 572 941 regem,
597 877 699 941 quem
716 859 887 941 castigans
904 858 1093 941 castigavit,
1117 857 1221 920 morti
1236 856 1390 919 nondum
1400 877 1436 920 a.
1445 878 1492 936 ru,
1500 878 1533 920 rs.

214 947 353 1010 tradere
375 946 496 1024 voluit,
528 948 589 1011 sed
611 948 796 1012 ostendens
819 947 873 1010 illi
895 967 996 1012 suum
1019 945 1170 1010 salutare
1191 966 1263 1009 non
1285 944 1390 1026 longo

218 1039 296 1119 post
339 1054 418 1099 eum
460 1034 587 1100 levavit
629 1036 694 1100 hac
736 1035 947 1100 infirmitate.
1011 1034 1177 1100 Adelheit
1219 1033 1392 1097 abbatissa

219 1122 606 1207 Quittiligenburgensis
640 1125 750 1189 isdem
783 1124 994 1207 temporibus
1030 1123 1161 1188 carneis
1196 1123 1310 1186 soluta
1339 1124 1391 1185 est

217 1212 378 1276 membris
389 1212 410 1277 1.

757 1329 853 1401 1046.

324 1442 399 1506 Rex
427 1441 587 1504 feriavita
614 1439 755 1505 Domini
782 1441 899 1505 natale
924 1435 1131 1506 Goslarebe.
1177 1441 1257 1505 Non
1280 1442 1390 1505 multo

218 1534 296 1614 post
318 1534 472 1616 tempore
492 1530 644 1593 marchio
660 1529 880 1593 Ekkihardus
903 1530 1084 1594 subitanea
1107 1533 1217 1594 morte
1241 1530 1489 1608 obiitearaa.

217 1619 255 1682 in
278 1617 496 1702 Nuunburg4
523 1638 604 1702 rege
634 1621 814 1702 praesente
844 1618 1019 1701 sepelitur.
1065 1617 1131 1684 Die
1154 1639 1234 1682 vero
1264 1618 1506 1702 palma-masa.

216 1729 294 1771 rum
324 1705 668 1771 Hildenesheimense
702 1707 872 1790 templum
906 1707 1040 1790 insigne
1071 1710 1106 1770 et
1136 1708 1283 1770 maxima
1311 1728 1390 1792 pars

217 1797 312 1870 urbis
336 1796 548 1860 consumitur
571 1795 651 1878 igne
662 1794 683 1856 ⁵.
729 1795 804 1860 Rex
824 1798 961 1879 tempus
984 1796 1120 1879 pascale
1145 1795 1330 1860 celebravit
1353 1797 1505 1858 inmaso.

217 1885 428 1949 Traieetensi
466 1883 637 1949 civitate⁶.
695 1883 825 1948 Eadem
859 1905 939 1948 vero
974 1888 1105 1948 aestate
1139 1883 1322 1968 Moguntia
1355 1889 1391 1949 et

217 1973 430 2038 Ratisbona⁷
464 1973 621 2037 civitates
657 1976 738 2036 sunt
771 1973 852 2055 igne
887 1977 1134 2037 concrematae.
1191 1973 1390 2038 Adventum

217 2062 425 2145 Aquisgrani
438 2060 585 2145 Spiritus
598 2062 709 2125 sancti
719 2056 800 2126 rerd
812 2081 890 2124 curn
902 2082 1027 2145 magno
1039 2062 1232 2146 principum
1245 2062 1390 2126 concilio
1400 2083 1452 2124 usi
1460 2083 1492 2124 1s.

218 2152 351 2236 peregit
360 2150 381 2228 ⁸,
398 2149 514 2232 ibique
530 2148 728 2214 Gottefrido
745 2150 824 2214 duci
843 2151 990 2231 gratiam
1006 2170 1087 2213 suae
1102 2151 1455 2215 reconciliationissrc.

219 2239 316 2303 dedit
346 2258 385 2301 ac
415 2239 581 2300 ducatum
603 2259 720 2312 unum,
753 2238 808 2300 cui
831 2240 948 2321 patree
976 2238 1114 2300 vivente
1138 2238 1389 2302 dominabatur.

217 2326 318 2390 Alter
341 2345 422 2389 vero
445 2344 509 2388 nec
532 2324 585 2387 illi
607 2345 672 2388 nec
694 2324 795 2387 fratri
818 2324 997 2388 habendus
1027 2325 1299 2408 permittebatur,
1331 2328 1391 2390 sed

217 2413 394 2478 Gozziloni
410 2412 566 2476 sublatus
578 2411 761 2492 briderico,
777 2412 934 2476 Baioarie
951 2413 1046 2476 ducis
1062 2413 1171 2492 fratri,
1190 2417 1242 2477 est
1258 2416 1359 2478 datus
1367 2417 1388 2476 ⁹.

217 2500 282 2566 His
298 2501 456 2565 omnibus
472 2502 619 2585 peractis
641 2521 701 2566 rex
719 2500 799 2565 inde
817 2502 973 2566 discessit
996 2522 1034 2566 ac
1050 2501 1248 2579 Mersiburc,
1273 2503 1390 2568 natale
1401 2524 1489 2566 aaa

216 2590 327 2654 sancti
343 2590 510 2654 Iohannis
527 2589 769 2668 celebraturus,
791 2591 950 2674 perrexit.
990 2590 1081 2654 Illuc
1098 2589 1202 2654 etiam
1218 2591 1389 2656 Bratialao

217 2680 286 2743 dux
315 2678 529 2757 Boemorum‚
561 2678 702 2742 Kazmir
731 2679 963 2757 Bolaniorum‚
995 2679 1144 2743 Zemuzil
1173 2679 1389 2744 Bomeranio·

214 2789 291 2831 rum
307 2769 521 2832 advenerunt
537 2771 639 2852 atque
654 2788 771 2852 regem
787 2769 886 2833 donis
903 2769 1104 2833 decentibus
1123 2769 1388 2833 honoraverunt.

215 2857 346 2920 Eodem
376 2856 431 2920 die
460 2855 546 2920 iecit
575 2877 635 2920 rex
664 2856 809 2920 filiam¹⁰
835 2855 942 2941 ipsius
965 2857 1135 2922 velamine
1163 2877 1259 2922 sacro
1282 2858 1389 2923 velari

216 2944 385 3027 simulque
409 2944 618 3008 abbatissam
634 2943 1048 3029 Quittiligenburgensem
1064 2947 1265 3010 consecrari.
1300 2947 1389 3011 Inde

216 3033 394 3096 discedens
425 3032 658 3116 apostolorum
687 3033 782 3097 Petri
810 3037 846 3098 et
872 3033 974 3096 Pauli
1002 3033 1094 3099 festa
1123 3033 1275 3098 Mihsina
1305 3036 1489 3101 cele-naso.

216 3120 329 3184 bravit
340 3119 376 3197 1¹,
411 3120 471 3184 ubi
507 3120 612 3184 etiam
646 3121 909 3186 conventionem
943 3125 1093 3187 secundo
1123 3123 1254 3188 habens
1285 3124 1389 3189 duces

216 3209 390 3292 praefatos
424 3209 516 3272 inter
550 3228 586 3272 se
620 3209 824 3292 pacificavit.
876 3208 955 3274 Illic
986 3212 1091 3275 etiam
1119 3211 1210 3290 Teti,
1242 3211 1389 3278 Dietrioi

215 3379 238 3432 a)
256 3382 271 3424 f.
289 3382 346 3431 quod
363 3381 387 3419 ἐκ
404 3381 475 3420 codice
493 3381 560 3430 deest,
580 3391 607 3419 ac
620 3381 741 3420 staindelio
754 3382 858 3430 supplevi.
938 3381 962 3433 b)
980 3381 1004 3422 ln
1018 3383 1089 3432 regali
1103 3383 1157 3423 vllla
1172 3384 1266 3425 Goslare
1284 3383 1388 3427 Stalndel.

215 3433 238 3537 ἓ)
251 3435 399 3538 llppterprprltur
407 3433 423 3486 (r
429 3434 554 3484 sepelitur).
568 3435 634 3477 Ε-Ε,
679 3433 703 3486 d)
711 3435 768 3474 deest
777 3446 802 3483 a,
812 3445 840 3474 erc
849 3435 932 3478 &aiud
942 3437 1020 3486 suppl,
1031 3438 1068 3476 ubi
1077 3441 1132 3476 recte
1141 3437 1179 3488 sp.
1188 3449 1205 3479 s.
1216 3448 1256 3476 rex
1266 3437 1308 3486 aq.
1323 3438 1389 3482 M,

217 3611 244 3676 1)
265 3611 305 3662 De
323 3617 445 3678 tempore,
471 3627 522 3678 quo
544 3611 700 3664 Adclhcr'dis
723 3619 831 3665 macac
856 3613 899 3677 sit,
925 3612 1013 3664 adbuc
1035 3612 1109 3666 nibil
1131 3616 1197 3666 certi
1220 3615 1390 3682 ecploratum

217 3682 300 3745 fuisse
318 3683 430 3736 videta.
467 3683 509 3748 Cf.
528 3683 562 3736 E.
581 3683 736 3748 Steindorff,
758 3683 948 3736 ‘Jahrauher’
966 3684 990 3749 Ι,
1006 3701 1035 3752 p.
1054 3686 1117 3750 228,
1139 3701 1166 3736 a.
1185 3687 1211 3740 5.
1301 3687 1329 3754 2)
1347 3688 1389 3753 Of.

217 3751 322 3806 Herim.
340 3753 411 3818 Aug.
424 3753 639 3810 etLambmum.
712 3755 740 3822 3)
757 3751 855 3807 Subito
867 3753 995 3822 moriens,
1014 3754 1119 3809 Herim.
1131 3756 1202 3822 Aug.
1240 3753 1390 3812 Subitanea

216 3823 305 3874 morte
317 3821 498 3890 praefocatus,
516 3825 683 3880 aenaeam.
743 3825 771 3892 4)
782 3825 950 3891 Naumburp.
1011 3826 1039 3894 5)
1050 3822 1181 3879 Nostrum
1194 3827 1390 3882 monasterium

217 3922 252 3930 —
270 3892 299 3944 in
318 3891 455 3945 dominica
471 3893 625 3960 palmarum
641 3898 684 3951 10.
695 3893 759 3952 Kal
772 3894 860 3964 April.
879 3894 1026 3949 miserabili
1044 3896 1171 3950 incendio
1189 3898 1279 3966 periit,
1298 3899 1390 3952 simul·

216 3979 271 4031 que
296 3965 355 4015 tota
378 3979 450 4030 pene
473 3963 567 4018 civitas
586 3969 615 4018 et
631 3966 752 4020 maxima
773 3983 837 4035 pars
854 3967 935 4020 villae
952 3967 1065 4033 interiit,
1089 3969 1258 4034 Wolfberius
1275 3973 1305 4023 in
1328 3972 1390 4024 Vita

218 4034 376 4087 Godebards'
389 4041 457 4101 post.
476 4051 498 4088 c.
517 4038 551 4090 33
574 4037 637 4102 (SS.
656 4037 708 4104 XI,
724 4056 754 4106 p.
772 4041 848 4104 215).
930 4040 957 4104 6)
975 4039 1017 4103 Of.
1035 4039 1140 4094 Herim.
1158 4042 1229 4107 Aug.
1302 4043 1329 4110 7)
1347 4044 1390 4108 Cf.

216 4106 337 4158 Annales
362 4104 391 4158 S.
415 4105 609 4158 Emmcrammi
631 4125 696 4164 succ.
722 4109 769 4162 XI
790 4110 853 4177 (SS.
877 4110 968 4162 XVII
969 4148 978 4176 ,
1000 4127 1030 4177 p.
1049 4112 1115 4175 571)
1138 4118 1162 4163 et
1186 4113 1391 4182 Ratisponenses

216 4177 283 4242 (1.1.
299 4177 416 4243 pedi).
488 4176 516 4242 8)
534 4178 576 4242 Cf.
594 4179 698 4233 Herim.
711 4182 782 4248 Aug.
800 4188 825 4232 et
843 4181 957 4250 Stampf
970 4197 1014 4235 ar.
1027 4184 1213 4239 2291-2294.
1286 4186 1313 4252 9)
1330 4183 1389 4238 Fri-

216 4246 332 4313 derlcus‚
351 4245 437 4300 frater
453 4244 579 4302 Heinrici
597 4247 673 4302 ducis
691 4249 842 4316 Baioariae,
861 4251 918 4304 dux
935 4249 1167 4322 Lotharingorum
1185 4271 1236 4322 pro
1254 4253 1391 4310 Golefridi

217 4316 301 4370 fratre
319 4317 418 4386 ignavo
432 4315 577 4372 Gozzilone
595 4321 777 4377 constituitur.
805 4323 992 4388 Heriem.
1022 4324 1064 4388 Of.
1076 4324 1110 4379 E.
1123 4326 1278 4394 Steiadorff,
1294 4329 1390 4381 ‘Jahr-

216 4388 323 4514 gdcwlger'
341 4390 365 4456 I,
381 4406 410 4456 p.
429 4385 492 4458 293,
511 4407 538 4446 n.
557 4394 582 4446 2.
665 4392 709 4460 10)
726 4394 882 4451 Beatricem.
965 4391 1009 4460 11)
1027 4395 1069 4459 Of.
1088 4395 1203 4466 Stumpf
1219 4416 1264 4455 nr.
1282 4402 1390 4457 2295-
