3270 5028
387 487 568 543 ANNALES
585 484 841 542 ALTAHENSES
859 484 1042 542 MAIORES.
1078 485 1114 539 A,
1127 488 1206 542 1068.
1350 488 1384 542 75

209 674 309 756 regui
338 673 433 736 illius
462 675 674 735 tractaturus
704 670 854 753 negotia.
900 669 1015 732 Huius
1038 669 1089 733 rei
1112 669 1225 751 gratia
1247 669 1385 733 obviam

210 761 361 826 eivenit
391 781 469 824 eum
495 779 622 842 magna
648 758 873 822 multitudine
897 758 1067 821 Italorum
1090 759 1161 821 dux
1184 756 1384 822 Gotefridus

209 851 247 914 in
269 850 363 913 urbis
379 849 602 912 Placentinae
626 847 883 931 campestribus.
924 845 1011 910 eum
1034 866 1115 929 ergo
1138 847 1448 923 consedissentssa

210 941 246 1003 et
267 958 322 1002 res
346 937 462 1020 aliqua
485 937 562 1018 agi⁸
582 939 684 1020 cepta
698 934 830 1013 fuisset,
856 935 949 1012 Itali,
975 955 1037 999 sua
1059 934 1219 1017 superbia
1242 934 1326 998 elati
1349 938 1384 997 et

208 1027 306 1091 velut
335 1025 446 1089 natali
473 1025 553 1088 odio
576 1023 804 1088 Teutonicum
827 1024 950 1087 ducem
974 1024 1093 1088 audire
1117 1023 1305 1105 dedignati,
1336 1023 1384 1085 in-

210 1115 349 1179 condito
366 1114 513 1178 clamore
530 1116 655 1176 cuncta
678 1115 866 1195 coeperunt
887 1111 1027 1176 turbare
1051 1115 1087 1175 et
1108 1111 1207 1175 nullo
1230 1111 1385 1194 perfecto

209 1203 349 1286 negotio
373 1203 497 1265 ducem
520 1201 761 1284 compulerunt
784 1200 889 1264 abire.
936 1200 1045 1264 Fuere
1075 1204 1202 1277 tamen,
1234 1200 1293 1282 qui
1316 1200 1385 1264 iam

208 1295 293 1354 tunc
322 1291 516 1374 inciperent
545 1289 711 1372 suspicari
741 1292 777 1352 et
806 1289 930 1366 dicere,
962 1289 1124 1371 quoniam
1146 1288 1198 1351 vir
1221 1288 1281 1352 ille
1310 1289 1385 1371 regi

209 1401 280 1443 non
304 1382 394 1443 esset
416 1377 528 1442 fidelis
551 1377 704 1460 perfecte
728 1377 913 1440 etidcirco
937 1378 974 1439 in
989 1377 1097 1440 Italia
1115 1370 1331 1453 mansissetb,
1356 1377 1385 1441 si

209 1468 266 1531 vel
294 1469 417 1531 ducem
440 1464 661 1530 Gotefridum
688 1464 745 1529 rel
775 1464 883 1528 alium
912 1465 1062 1548 aliquem
1091 1466 1221 1529 socium
1252 1465 1385 1530 consilii

210 1557 264 1620 sui
285 1558 401 1639 posset
424 1554 623 1618 adsciscere.

317 1644 417 1707 Intra
445 1644 532 1706 haec
561 1642 643 1706 illae
673 1661 808 1724 graves,
840 1661 926 1724 quac
956 1641 1048 1705 inter
1070 1641 1267 1706 Baioaricos
1297 1642 1386 1725 prin·

212 1733 303 1816 cipes
333 1734 540 1808 exarserant,
570 1730 777 1794 inimiciciae
801 1729 876 1793 Deo
898 1731 1082 1793 miserante
1105 1729 1210 1793 facile
1233 1734 1316 1794 sunt
1337 1751 1386 1794 re

209 1822 368 1885 stinctae.
416 1818 504 1883 eum
533 1819 626 1882 enim
653 1819 697 1882 ad
718 1821 855 1881 tantam
877 1819 1048 1882 insaniam
1070 1819 1314 1902 prorupissent,
1345 1822 1387 1882 ut

210 1913 332 1974 contra
354 1928 389 1972 se
413 1909 561 1972 invicem
584 1927 663 1970 cum
685 1907 802 1971 valida
823 1927 929 1970 manu
952 1910 1162 1970 armatorum
1183 1909 1222 1970 in
1244 1907 1386 1972 orientis

210 1997 366 2081 partibus
388 1997 621 2072 convenirent,
644 1999 746 2059 tanta
767 1999 901 2060 mentes
925 2015 1044 2059 eorum
1066 1997 1215 2079 quadam
1238 1997 1294 2060 die
1318 2015 1386 2060 cor-

209 2087 317 2171 ripuit
331 2085 455 2162 rabies,
477 2088 519 2147 ut
540 2079 711 2168 parentes,
736 2084 875 2166 cognati
891 2088 927 2148 et
943 2084 1075 2161 adfines,
1099 2084 1197 2149 velut
1219 2085 1288 2148 iam
1306 2086 1387 2148 iam-

211 2194 277 2258 que
300 2173 497 2258 pugnaturi,
523 2177 672 2236 armatos
697 2176 817 2236 contra
839 2191 876 2235 se
899 2173 1047 2236 invicem
1070 2173 1257 2237 educerent
1281 2177 1317 2238 et
1338 2174 1387 2237 in-

211 2266 384 2327 struerent
413 2261 582 2343 legiones,
619 2260 906 2343 spectabaturque
935 2261 1126 2324 miserrima
1155 2262 1265 2324 cedes.
1319 2260 1388 2325 Sed

213 2351 295 2434 quid
317 2371 389 2413 non
411 2352 564 2432 praestas
588 2347 748 2412 fidelibus
770 2348 850 2425 tuis,
875 2348 957 2412 Iesu
971 2348 1145 2430 benigne?
1179 2348 1268 2412 Ecce
1285 2349 1386 2426 enim,

213 2459 292 2503 cum
314 2439 383 2501 iam
405 2439 443 2501 in
465 2437 595 2500 mutuis
619 2436 816 2520 corporibus
839 2436 917 2500 loca
938 2436 1138 2500 vulneribus
1160 2437 1269 2500 oculis
1292 2438 1388 2501 meti·

211 2530 332 2591 rentur
362 2530 398 2590 et
427 2546 548 2589 manus
579 2545 697 2590 eorum
731 2527 775 2589 ad
805 2526 1000 2589 iaciendum
1030 2529 1066 2589 et
1094 2525 1290 2590 feriendum
1318 2526 1388 2588 iam

211 2616 348 2698 iamque
371 2615 577 2691 levarentur,
605 2614 739 2698 inipso
763 2614 1012 2696 congressionis
1035 2613 1182 2678 articulo
1206 2617 1251 2692 et,
1275 2618 1316 2677 ut
1338 2614 1389 2678 ita

213 2705 335 2781 dicam,
359 2705 473 2767 minus
497 2722 600 2785 quam
614 2706 800 2780 momento,
817 2702 893 2768 Deo
907 2704 1123 2786 respiciente,
1138 2707 1241 2767 tauta
1255 2707 1388 2768 mentes

212 2813 331 2858 corum
354 2792 468 2856 subito
491 2792 642 2874 pervasit
664 2792 859 2869 inmutatio,
890 2795 940 2869 ut,
972 2793 1075 2856 armis
1106 2793 1279 2876 depositis,
1310 2813 1389 2856 cum

212 2881 298 2946 fletu
323 2884 358 2944 et
381 2880 544 2957 lacrimis,
576 2899 663 2962 quae
693 2880 827 2963 pridem
857 2884 1013 2962 egerant,
1046 2881 1111 2945 sibi
1140 2881 1288 2945 invicem
1316 2901 1388 2964 per·

213 2970 382 3033 donantes
405 2972 441 3032 et
463 2968 557 3051 pacis
581 2967 699 3030 oscula
721 2967 881 3045 libantes,
912 2970 1029 3033 cuncti
1052 2971 1097 3033 ad
1119 2970 1257 3053 propria
1277 2989 1388 3052 regre

213 3057 378 3121 derentur
411 3054 487 3120 sani
521 3059 557 3119 et
591 3059 768 3120 ovantesa
820 3057 943 3120 Annus
977 3058 1035 3122 hic
1069 3057 1318 3122 Altahensibus
1353 3060 1388 3122 et

212 3144 448 3209 Leonensibus
489 3144 606 3207 extitit
647 3144 878 3222 detestabilis,
921 3146 1002 3228 quia
1040 3147 1198 3210 dominus
1232 3146 1386 3223 Wenala,

211 3234 391 3316 utriusque
428 3232 628 3296 monasterii
670 3235 770 3316 pater
806 3234 1029 3312 venerabilis,
1068 3235 1171 3298 VIII.
1210 3234 1387 3298 Kalendas

214 3321 372 3387 Octobris
401 3322 493 3386 riam
527 3321 700 3403 ingressus
735 3324 787 3384 est
820 3323 1000 3386 universae
1032 3324 1154 3387 earnis.
1208 3323 1261 3387 De
1292 3323 1498 3402 cuiussopess

212 3411 277 3474 riri
299 3410 487 3474 virtutibus
510 3429 759 3493 supervacuum
782 3411 864 3473 duxi
887 3410 1003 3494 aliqua
1026 3413 1199 3488 disserere,
1223 3431 1268 3474 ne
1287 3411 1389 3494 plura

213 3499 331 3564 dicens
364 3500 521 3564 inveniar
555 3498 668 3561 minus
703 3498 839 3562 dixisse.
891 3499 970 3564 Hoc
1003 3503 1142 3563 tantum
1172 3501 1215 3564 de
1244 3519 1285 3563 eo
1314 3500 1388 3564 viro

214 3587 366 3651 sufficiat
393 3607 504 3665 nosse,
536 3587 699 3671 quoniam
726 3586 830 3650 multi
859 3607 987 3666 eorum,
1019 3588 1142 3671 quibus
1171 3592 1329 3672 praeerat
1351 3589 1389 3651 in

213 3679 360 3758 utroque
383 3677 601 3753 monasterio,
630 3676 744 3740 solent
767 3677 880 3740 adhuc
903 3671 1108 3760 protestari(¹
1134 3696 1205 3740 una
1226 3697 1319 3754 voce,
1348 3678 1389 3741 si-

213 3763 333 3828 milem
355 3763 410 3827 illi
432 3765 562 3848 pietate
585 3768 719 3849 patrem
741 3785 777 3828 se
801 3786 978 3848 nunquam
1001 3765 1161 3831 habuisse
1185 3769 1229 3844 et,
1258 3767 1288 3830 si
1310 3769 1389 3850 post

214 3851 368 3916 habituri
397 3853 475 3930 sint,
506 3854 652 3916 nimium
682 3854 871 3936 desperare.
916 3854 1048 3918 Eodem
1078 3875 1169 3920 anno
1191 3854 1390 3938 Rabinger1

214 3940 412 4024 patriarcha
433 3941 530 4019 obiit,
555 3943 611 4005 eui
635 3940 837 4024 sigihardus
861 3943 1086 4008 cancellarius
1109 3945 1307 4008 successit0.

214 4165 237 4218 a)
250 4177 272 4208 a.
285 4165 461 4214 aspernamus.
501 4165 525 4214 b)
538 4165 647 4206 mensim
660 4176 677 4208 e.
718 4165 740 4217 e)
754 4178 769 4205 a
782 4167 865 4207 mtto.-
878 4167 928 4207 Deo
941 4167 1078 4218 respiciente
1091 4178 1156 4218 usque
1169 4173 1263 4208 ovantes
1271 4169 1390 4208 Amnum

214 4220 365 4315 &dippeus
378 4219 498 4269 mer-ipsit,
512 4223 558 4258 tum
571 4219 678 4258 iterarem
691 4219 761 4259 denuo
775 4231 830 4269 opus
838 4225 968 4270 praecem
982 4226 1019 4265 est.
1073 4219 1097 4271 d)
1110 4223 1220 4272 prostrarl
1233 4233 1251 4264 c.
1305 4221 1327 4273 a)
1340 4233 1389 4263 sus·

216 4448 243 4516 1)
258 4446 406 4517 Ravenger
423 4449 574 4515 Lamberto,
595 4445 776 4518 Rabengerus
795 4451 949 4504 Annalibus
966 4452 1136 4518 Auqtoeiam's
1153 4452 1204 4518 (ad
1220 4467 1246 4506 e.
1260 4452 1353 4516 1063).
