3270 5028
338 469 518 526 ANNALES
535 467 790 524 ALTAHENSES
808 467 990 526 MAIORES.
1026 469 1063 525 A.
1077 470 1155 526 1053.
1168 471 1246 526 1054.
1345 473 1380 527 49

207 653 303 719 brevi
332 653 448 739 plures
476 652 672 736 iniquitatis
703 671 784 716 suae
814 651 923 716 socios
953 651 1139 735 adquisivit
1167 671 1291 736 eosque
1315 652 1381 718 sibi

207 743 322 807 firmos
346 746 381 807 et
404 741 523 806 fideles
553 760 626 805 esse
656 741 849 804 iuramento
874 741 1088 804 constrinxit.
1134 739 1200 805 His
1224 741 1268 805 ad
1290 741 1380 806 velle

207 830 390 914 dispositis,
415 830 488 913 ipse
512 849 590 893 oum
612 850 719 892 manu
732 829 850 893 valida
864 848 925 912 per
942 827 1171 892 Oariuthanos
1188 830 1232 893 ad
1243 828 1380 914 Ungros

208 919 386 1002 coniugit⁸
411 922 447 982 et
461 917 577 1002 plures
594 917 838 983 coniurationis
863 917 1016 982 eiusdem
1040 918 1192 982 conscios
1216 919 1309 981 domi
1331 938 1380 983 re·

206 1007 325 1090 liquit,
361 1026 445 1091 quos
480 1007 547 1071 sibi
581 1007 800 1090 postmodum
834 1005 928 1070 bella
956 1006 1110 1070 moventi
1143 1005 1271 1070 auxilio
1305 1006 1453 1072 forense.

206 1096 366 1180 speravit.
413 1094 463 1159 Hi
498 1114 579 1178 ergo
617 1094 775 1178 deprensi
808 1093 912 1158 facile
947 1093 990 1158 ab
1020 1095 1086 1157 hac
1117 1093 1267 1158 stultitia
1299 1099 1380 1159 suut

205 1185 360 1268 repressi.
411 1184 491 1268 Ipse
519 1203 599 1248 vero
630 1183 801 1247 adiunctis
831 1181 896 1246 sibi
919 1180 1046 1265 Ungris
1071 1181 1259 1246 Charionas
1289 1183 1381 1247 inva-

207 1273 282 1338 ditl
305 1276 349 1351 et,
381 1272 531 1356 plurima
559 1272 637 1335 loca
663 1274 812 1348 vastans,
842 1270 964 1334 urbem
991 1272 1175 1353 quandam,
1204 1270 1379 1354 Hengisti·

206 1355 315 1444 burgb
344 1361 503 1438 diotam²,
532 1360 713 1446 occupavit
735 1359 851 1442 ibique
874 1360 1045 1442 praesidio
1067 1359 1228 1443 imposito
1251 1360 1288 1423 in
1311 1359 1380 1424 Un-

182 1447 338 1533 'gariam
372 1469 408 1514 se
442 1449 583 1532 recepit.
637 1446 712 1527 Quo
746 1451 901 1531 tempore
935 1467 1025 1530 papa
1059 1448 1239 1512 adversum
1271 1447 1480 1514 Nordnan.

161 1539 165 1546 '
206 1558 351 1602 mannos
374 1537 543 1621 pugnavit
552 1536 573 1613 ³,
598 1537 718 1619 inquo
734 1535 865 1619 proelio
889 1535 991 1600 eheu!
1015 1535 1089 1601 fere
1113 1556 1230 1600 omnes
1254 1537 1378 1614 amisit,

207 1626 401 1709 quicunque
432 1645 474 1690 ex
501 1645 609 1708 reguo
632 1624 821 1689 Teutonico
843 1627 1011 1688 venerant
1039 1625 1077 1687 in
1107 1625 1272 1688 auxilium
1295 1625 1379 1688 eius.

207 1714 287 1798 Ipse
317 1715 423 1779 etiam
452 1714 489 1777 iu
519 1713 766 1778 Beneventana
794 1711 879 1777 urbe
908 1712 1054 1790 invitus,
1090 1716 1131 1776 ut
1159 1712 1285 1790 fertur,
1322 1712 1379 1776 ali·

206 1803 371 1885 quamdiu
394 1806 447 1866 est
468 1805 623 1867 retentus
632 1801 655 1862 4.
701 1801 792 1879 Vini,
820 1800 961 1884 frugum
984 1800 1133 1864 maxima
1154 1799 1320 1884 penuria⁵
1342 1801 1380 1865 in

206 1895 282 1955 tota
296 1911 384 1975 pene
400 1891 620 1974 grassabatur
636 1890 805 1954 Baioaria.
852 1887 1068 1972 Quapropter
1084 1888 1205 1953 colono
1220 1889 1378 1973 fugiente

206 1979 346 2063 plurimi
369 1981 437 2043 vici
460 1980 588 2044 deserti
610 1997 814 2042 remansere.
861 1977 1010 2062 Sybicho
1026 1975 1291 2042 Nemidonensis
1312 1979 1483 2062 epi-span.
1597 2001 1600 2008 ’

206 2089 327 2152 scopus
355 2068 451 2146 obiit,
481 2068 656 2132 Arnoldus
680 2066 902 2131 substituitur
911 2065 933 2128 ⁶.
979 2065 1176 2132 Hmtwicus
1200 2067 1472 2151 episcopusuova

206 2157 495 2240 Babinbergensis
518 2157 606 2221 obiit
616 2156 637 2218 ⁷.

312 2335 417 2417 Apud
447 2331 604 2415 Otingun
632 2235 965 2415 imperilffiffnatale
994 2329 1138 2408 Christi,
1170 2334 1301 2395 curtem
1329 2351 1378 2396 re·

205 2422 307 2505 giam,
333 2421 555 2500 celebravit0,
586 2420 703 2503 ibique
726 2419 848 2483 maiori
870 2419 942 2482 filio
966 2418 1050 2483 suo8
1073 2420 1234 2482 ducatum
1259 2418 1378 2482 Baioa-

205 2511 315 2573 rioum
339 2509 558 2588 contradidit,
583 2508 795 2573 Adalberoni
819 2507 1022 2572 consobrino
1046 2528 1107 2571 suo
1128 2507 1238 2571 tradit
1253 2507 1378 2592 episco-

205 2601 325 2682 patum
348 2592 727 2682 Patinpergensemde.
773 2597 862 2661 Inde
884 2595 1118 2680 Radisponam
1146 2598 1190 2660 ad
1217 2598 1377 2681 generale

206 2686 415 2770 colloquium
437 2687 579 2752 recessit
589 2685 625 2749 1⁰.
672 2685 804 2766 Quibus
828 2685 948 2750 diebus
971 2685 1018 2763 hi,
1043 2686 1103 2768 qui
1125 2686 1162 2749 in
1184 2686 1269 2751 urbe
1285 2686 1378 2752 Hen-

204 2775 372 2858 gistiburc
395 2775 564 2860 praesidio
587 2775 701 2841 relicti
719 2778 818 2839 erant
834 2795 855 2837 a
871 2773 1069 2852 Ohuonone‚
1093 2774 1235 2858 fatigati
1259 2775 1378 2840 crebra

205 2865 466 2947 provincialium
494 2865 699 2942 incursione,
730 2863 796 2946 ipsi
825 2883 888 2926 sua
915 2865 1037 2946 sponte
1063 2862 1186 2928 urbem
1208 2864 1376 2948 diripiunt

1 3029 2 3032 Ἴ
107 2973 142 3021 *a
150 2973 196 3015 aot.
206 2954 240 3016 et
271 2953 361 3016 clam
390 2953 471 3016 iude
502 2953 539 3015 in
569 2952 759 3034 Ungariam
789 2951 985 3034 aufugiunt.
1035 2951 1218 3016 Paschalia
1247 2950 1467 3024 *Mersiupaa

205 3039 315 3102 burch
325 3039 352 3077 11
374 3041 561 3124 imperator
575 3041 749 3105 feriavit⁰.
787 3039 857 3104 Leo
881 3039 977 3117 obiit,
1001 3040 1054 3104 vir
1069 3043 1224 3118 sanctus;
1249 3040 1376 3106 infirmi
1386 3061 1440 3112 apr.
1448 3062 1482 3105 re.

205 3175 227 3227 a)
240 3177 358 3214 Aventinae
366 3176 467 3224 primum
479 3176 567 3224 scripsit
581 3176 687 3224 perfugit,
706 3179 752 3214 tum
765 3177 857 3215 muravit
873 3176 986 3227 confuglt;
1006 3177 1030 3214 in
1043 3177 1166 3216 Annalibus
1179 3178 1256 3216 dueum
1270 3179 1376 3217 Boioriae

209 3229 270 3279 ΚΒ,
288 3230 351 3268 habet
368 3229 496 3277 transfugit.
578 3230 601 3276 b)
620 3230 651 3268 eie
664 3240 689 3278 a,
708 3233 893 3278 postcommum
906 3229 1086 3279 Heugistlsburg.
1114 3230 1147 3278 Cf.
1161 3231 1322 3280 Hengietiburo
1336 3233 1376 3270 aut

205 3293 263 3321 anno
276 3284 375 3333 sequenti.
444 3281 466 3334 a)
480 3281 580 3321 celebrat
593 3292 623 3330 e.,·
644 3283 769 3322 celebravit
781 3293 798 3325 o.
812 3283 916 3325 staindel.
989 3280 1014 3335 d)
1028 3293 1062 3334 ep.
1077 3282 1131 3326 Pub.
1146 3285 1258 3324 concessit
1271 3285 1376 3328 Stuindel.

204 3341 259 3376 reete
272 3334 403 3388 (necessit).
457 3338 479 3383 c)
493 3335 507 3378 i.
522 3335 537 3378 ἱ
551 3336 627 3374 desum
640 3346 656 3378 a

206 3443 232 3510 1)
250 3443 291 3508 Of.
310 3443 415 3497 Herim.
433 3444 504 3508 Aup.
595 3441 622 3508 2)
639 3441 818 3507 Hmpstburp,
843 3443 980 3494 castelium
1002 3443 1135 3508 quendem
1156 3444 1373 3510 munitissimum,

204 3517 234 3564 ia
246 3514 342 3578 Siprie
359 3514 434 3564 haud
448 3513 546 3582 procui
563 3530 581 3565 a
599 3513 627 3568 S.
640 3513 841 3584 Murpareihm,
860 3529 878 3564 a
890 3515 945 3565 vieo
958 3513 1065 3564 Wiidon
1082 3515 1113 3564 ire
1130 3514 1267 3564 meridiem
1284 3516 1374 3567 eitum.

205 3585 247 3648 Of.
267 3584 430 3636 Circumire
450 3585 493 3638 ‘N.
506 3584 600 3638 Aret!
612 3584 675 3651 XV,
692 3601 721 3650 p.
735 3585 884 3638 tet-590.
951 3584 978 3651 3)
994 3584 1081 3650 Prope
1094 3583 1238 3649 Civitatem,
1258 3585 1375 3651 Apuliae

204 3655 303 3708 urbm.
397 3655 425 3722 4)
447 3651 546 3720 Ibique
569 3657 693 3722 tempore
716 3653 855 3720 aliquanto
878 3652 1005 3706 detentus
1027 3669 1079 3706 nee
1104 3653 1194 3706 redire
1218 3654 1373 3721 permissus,

203 3725 308 3778 Herim.
326 3726 397 3790 Amp.
487 3727 514 3793 5)
531 3723 654 3792 Frugum
672 3725 787 3792 penuria
810 3723 883 3778 faeta
901 3727 1016 3777 estnon
1040 3723 1157 3790 modica,
1180 3725 1283 3778 Herim.
1302 3727 1374 3792 Aap.

204 3795 232 3862 6)
249 3795 355 3847 Sibiebo
373 3796 437 3847 otia
454 3797 573 3850 a.1054.
610 3796 652 3860 Cf.
665 3796 785 3847 Annales
801 3796 898 3847 neerei.
916 3796 1062 3847 Euidensee
1079 3796 1142 3862 (SS.
1154 3796 1238 3862 XIII,
1255 3813 1284 3864 p.
1296 3799 1372 3863 214),

203 3867 324 3918 Annales
345 3866 615 3932 Weieaemburperrsee,
634 3866 814 3919 Lemberium.
900 3867 926 3933 7)
944 3866 986 3931 Cf.
1004 3866 1108 3920 Herim.
1126 3868 1197 3932 Aup.
1215 3867 1375 3921 Lemberiue

203 3944 313 3988 moriem
325 3937 458 3988 Hartwici
467 3953 610 4004 perperam
622 3938 737 3991 a.1054.
750 3936 887 3990 adscribit.
941 3938 969 4003 8)
980 3937 1116 3991 Heinrieo.
1145 3937 1187 4002 Cf.
1201 3938 1372 4006 Giesebreehi,

205 4008 374 4059 ‘Kaiaerzeii'
393 4008 433 4074 II,
450 4025 478 4074 p.
497 4009 556 4062 674.
629 4007 656 4074 9)
673 4005 799 4060 Natalem
818 4005 929 4059 Domini
946 4007 975 4059 in
993 4007 1057 4059 villa
1076 4005 1176 4076 Otinga
1194 4007 1259 4076 egit,
1281 4007 1374 4075 ibique

202 4076 432 4145 Babiubergensis
451 4077 597 4131 aecclesiae
614 4077 798 4145 praesulatum
818 4076 980 4130 consobrino
999 4093 1049 4130 suo
1064 4075 1235 4131 Adalberoni
1253 4079 1373 4146 donavit,

202 4150 388 4201 Herimarmus
405 4151 549 4214 Aupmaeis
566 4149 615 4200 aab
633 4150 680 4201 boe
698 4165 778 4215 anno,
801 4156 943 4216 postquam
967 4150 999 4200 de
1016 4149 1094 4201 rebus
1111 4152 1180 4200 anni
1193 4152 1374 4218 praecedentis

202 4221 297 4272 ultimo
316 4221 369 4272 loeo
387 4220 450 4271 haee
467 4219 620 4271 adnotavit:
638 4217 793 4287 Imperator
804 4235 878 4286 vero,
897 4217 926 4271 in
937 4217 1092 4272 Baioariem
1104 4220 1223 4287 veniens,
1243 4219 1373 4274 ducatum

203 4289 324 4343 eiusdem
348 4288 505 4358 provinciae
527 4287 583 4342 filio
607 4305 656 4343 suo
678 4288 826 4358 aequivoco
845 4289 966 4346 tradidit.
1057 4291 1100 4358 10)
1119 4291 1160 4355 Cf.
1178 4292 1282 4346 Herim.
1301 4293 1372 4358 nup.

204 4362 248 4428 11)
259 4359 425 4430 Mogontiae,
438 4362 543 4417 Herim.
556 4362 636 4428 Aup,
650 4363 727 4414 euius
738 4363 886 4414 emeritus
894 4362 987 4429 pluris
999 4363 1123 4426 sarmada
1135 4369 1179 4417 esi.
1208 4363 1250 4427 Cf.
1263 4363 1378 4431 Siumps

201 4448 246 4486 rer.
264 4434 343 4487 2454.
385 4434 437 4500 [Aa
454 4433 512 4484 eide
529 4448 596 4500 quae
613 4433 649 4488 H.
668 4433 799 4485 Bresalea
821 4434 851 4484 ire
871 4433 1059 4485 ‘Jahrbrieber'
1077 4433 1117 4499 II,
1138 4451 1167 4501 p.
1185 4436 1240 4489 428
1263 4435 1372 4500 monetJ

1141 4541 1160 4594 4
