3270 5028
327 415 507 472 ANNALES
526 414 779 471 ALTAHENSES
798 414 979 473 MMORES.
1015 415 1051 473 A.
1065 418 1251 474 1048-1050,
1340 418 1376 471 45

106 653 107 658 1
204 605 374 686 grassata3
404 621 518 664 mures
541 600 635 664 enim
657 618 896 682 consumpsere
918 597 1035 680 fruges
1058 603 1205 666 terraer.
1252 599 1375 663 Terrae

204 694 317 755 motus
329 690 420 754 IIII.
433 689 487 752 Id.
501 681 718 753 dotabat-1.
749 687 926 750 Autumno
940 707 1052 752 comes
1064 689 1263 754 Diotmarus
1277 687 1374 764 Saxo,
1386 709 1435 750 oa.
1443 709 1475 751 12.

205 779 394 843 maiestatis
423 798 501 842 reus
532 797 572 841 ac
601 777 820 860 proscriptus,
852 775 895 839 ab
919 777 1074 842 Arnoldo
1104 776 1238 860 pridem
1266 775 1376 838 milite

205 889 265 934 suo
282 867 449 950 singulari
465 867 651 930 certamine
663 865 783 942 victus,
800 865 928 929 eisdem
939 865 1139 931 vulneribus
1151 864 1375 930 occubuit⁰·2.
1387 885 1436 927 oa.
1443 887 1462 927 3.

744 1034 839 1107 1043.

311 1151 438 1214 Natale
476 1149 606 1214 Christi
640 1143 828 1231 Frisingiid
865 1149 1051 1233 imperator
1090 1149 1275 1214 celebravit
1314 1153 1372 1212 ete

207 1239 401 1324 Gotepoldo
417 1238 622 1303 cancellario
645 1237 916 1321 patriarchatum
931 1237 1213 1321 Aquilegiensem
1234 1231 1377 1302 traditf.

206 1329 294 1392 inde
323 1328 565 1410 Radasponam
598 1327 661 1402 its,
697 1327 734 1388 in
766 1325 1004 1408 purificatione
1034 1326 1204 1410 Deiparae
1235 1326 1481 1409 virginisrars.

207 1418 371 1480 ducatum
387 1414 623 1478 Baioariorum
640 1413 822 1477 Ohuononi
839 1415 1015 1478 concessit.
1050 1415 1246 1479 Diotericus
1262 1415 1377 1492 etiarn,

207 1506 356 1567 iniustae
379 1502 624 1567 coniurationis
641 1500 814 1566 Gotefridi
838 1505 873 1566 et
896 1501 1065 1566 Paldwini
1093 1505 1254 1567 adversus
1276 1504 1379 1587 impe·

205 1596 356 1656 ratorem
385 1592 562 1655 dominum
592 1611 693 1654 suum
722 1591 842 1668 socius,
874 1591 980 1673 digna
1003 1591 1070 1655 Dei
1091 1591 1225 1656 ultione
1248 1593 1379 1656 occisus

207 1674 292 1746 esth·
303 1681 324 1742 ⁸.
359 1680 577 1744 Ratmundus
593 1679 794 1744 Altahensis
817 1678 921 1743 abbas
937 1679 1033 1756 obiit,
1058 1679 1212 1743 succedit
1228 1680 1379 1744 Diotma-
1390 1705 1437 1746 un.
1446 1706 1478 1747 19.

206 1791 264 1834 rus
289 1770 441 1834 eiusdem
458 1768 613 1833 coenobii
629 1760 802 1832 decurio¹.
850 1766 975 1832 Caesar
989 1768 1192 1851 Merseburg
1213 1769 1378 1852 pervenit,

207 1859 256 1922 ibi
278 1859 407 1943 pascha
430 1851 653 1922 celebravitk.
699 1849 809 1920 Iteml
828 1857 1082 1940 expeditionem
1096 1857 1133 1920 in
1149 1856 1379 1921 occidentales
1390 1881 1495 1924 nareae.

208 1948 333 2024 hostes,
352 1945 573 2011 Goteiridum
588 1949 624 2011 et
639 1945 866 2022 Baldwinum‚
892 1946 1026 2010 direxit.
1075 1946 1161 2011 Oum
1184 1967 1251 2028 quo
1276 1945 1380 2010 etiam

208 2057 297 2120 papa
320 2037 364 2098 ad
394 2036 510 2118 Aquas
541 2030 707 2117 graneas‘l
738 2036 782 2097 ad
811 2034 979 2117 palatium
1008 2035 1121 2118 pergit
1130 2035 1152 2096 4.
1199 2034 1317 2098 Vitam
1345 2038 1380 2098 et
1391 2057 1515 2101 1ul.11.12.

209 2125 393 2188 sanitatem
408 2125 592 2207 praedictis
614 2123 757 2186 ducibus
779 2123 978 2206 impetravit
1001 2143 1041 2187 eo
1064 2127 1182 2187 tamen
1205 2127 1316 2207 puoto,
1341 2126 1381 2186 ut

209 2232 366 2276 caesareo
401 2212 628 2276 subderentur
666 2211 828 2274 dominio.
898 2210 974 2288 Qua
1006 2231 1066 2294 spe
1102 2211 1277 2274 adtractus
1312 2212 1382 2274 dux

210 2299 410 2365 Goteiridus
435 2299 497 2363 illo
521 2299 660 2363 devenit
684 2302 719 2362 et
741 2317 802 2382 per
823 2319 945 2362 manus
976 2319 1012 2363 se
1034 2299 1088 2361 illi
1110 2299 1266 2362 tradidit.
1314 2298 1381 2377 Qui

209 2389 425 2451 Trevirorum
449 2388 607 2470 episcopo
631 2388 733 2450 datur
756 2388 1010 2464 custodiendus,
1040 2387 1174 2450 nullam
1196 2387 1381 2451 misericor·

211 2477 303 2540 diam
319 2474 361 2539 ab
378 2477 584 2559 imperatore
599 2476 813 2558 promeritus
837 2477 918 2559 quia
940 2475 1074 2559 pridem
1096 2476 1133 2538 in
1157 2475 1284 2539 electos
1309 2475 1381 2538 eius

211 2565 353 2629 caeteris
370 2563 542 2628 crudelius
557 2564 672 2629 fuerat
688 2567 871 2647 grassatus.
919 2563 975 2628 Sic
995 2565 1236 2648 imperatorem
1251 2563 1382 2626 fultum

210 2654 326 2718 divino
360 2654 533 2717 iuvamina
566 2657 789 2737 posteaquam
824 2657 943 2718 contra
972 2673 1007 2716 se
1037 2654 1152 2717 venire
1182 2652 1381 2716 Baldwinus

210 2742 387 2826 conspexit
409 2762 473 2806 nec
496 2742 608 2826 ipsum
631 2763 751 2806 suosve
774 2742 967 2807 incursibus
994 2762 1075 2806 suae
1097 2741 1229 2805 fraudis
1252 2744 1379 2824 patere,

210 2831 365 2914 exemplo
389 2831 485 2895 ducis
508 2830 678 2894 iamdicti
702 2835 737 2895 et
759 2832 832 2914 ipse
848 2831 920 2894 eius
937 2850 973 2895 se
989 2829 1143 2894 subdidit
1159 2830 1351 2893 dominatui
1359 2829 1380 2891 ³.

210 2917 275 2982 His
304 2920 356 2982 ita
384 2939 544 3002 prospere
572 2920 757 2982 transactis
786 2920 890 2983 rediit
918 2922 954 2983 et
976 2917 1191 3002 Mogonciaci
1215 2922 1381 2982 autumno
1392 2941 1441 2983 ou.
1449 2943 1482 2984 19.

211 3008 255 3069 ad
279 3007 462 3070 concilium
484 3027 593 3090 papae
616 3005 795 3071 occurrit5.

748 3157 845 3231 1050.

317 3272 444 3337 Natale
473 3273 659 3355 imperator
687 3271 834 3336 Pholide
865 3272 1004 3336 feriavit
1013 3272 1034 3350 ⁶,
1069 3272 1118 3337 ibi
1149 3274 1382 3357 episcopatum

213 3360 405 3424 Cumanum
429 3361 525 3424 dedit
550 3406 557 3422 .
576 3365 661 3422 ...¹¹¹
705 3360 793 3423 Tum
815 3361 969 3424 marchio
993 3359 1194 3426 Goteiridus
1206 3361 1225 3440 ⁷,
1255 3361 1298 3425 ab
1321 3362 1381 3423 ini·

212 3449 286 3529 quis
311 3450 572 3526 circumventus
596 3449 761 3514 innocens
783 3450 906 3514 misere
929 3450 1107 3513 occiditur.
1154 3449 1257 3514 Diem
1276 3469 1488 3522 resur-sana

213 3600 235 3649 a)
250 3605 274 3640 et
286 3602 419 3643 mIserabilis
434 3604 464 3654 pl.
478 3603 502 3644 in
516 3604 575 3646 horn.
588 3614 620 3652 gr.
635 3606 670 3643 est
683 3603 745 3644 iussu
759 3601 804 3653 dei,
824 3607 903 3653 utpote
920 3605 1006 3645 fructus
1026 3609 1100 3644 terrae
1118 3604 1218 3644 muribus
1237 3608 1382 3654 consumptus

214 3655 297 3692 victum
315 3657 405 3695 omnino
423 3657 520 3706 negabat
537 3657 665 3696 hominibus
684 3657 767 3698 staina.
787 3657 853 3704 (roete
871 3656 961 3706 M).
1041 3657 1065 3710 b)
1082 3658 1156 3697 factus
1175 3662 1209 3698 est
1229 3657 1279 3698 add.
1299 3653 1401 3700 Stoind.'

213 3707 234 3757 c)
248 3708 287 3755 lea.
300 3717 348 3752 occ.
361 3708 437 3751 vuln?
458 3711 523 3753 Η,-Ε.
591 3707 615 3758 (1)
631 3711 662 3749 sic
679 3721 697 3754 o.
766 3709 788 3762 e)
806 3711 820 3752 t.
834 3719 853 3752 e.
867 3715 897 3759 et,
918 3721 972 3760 uuae
988 3710 1108 3750 Avoutnue
1125 3711 1204 3760 omisit,
1222 3720 1251 3749 aa·
1263 3711 1383 3750 staindotto

212 3761 315 3808 supplevi.
381 3762 400 3808 1)
418 3761 556 3803 contradidit
573 3763 657 3806 staina
731 3759 755 3816 g)
773 3763 919 3812 perveniret
937 3765 1020 3805 Stotnd.
1094 3765 1118 3811 h)
1136 3765 1180 3814 lupe
1198 3767 1234 3802 ert
1251 3774 1297 3805 occ.
1317 3764 1383 3806 lit-E.

213 3813 229 3860 i)
242 3814 273 3851 sic
287 3824 316 3860 c.,·
330 3811 428 3854 decanus
443 3816 522 3863 lenitur
535 3817 559 3854 in
572 3816 678 3855 ductario
692 3815 826 3865 manaurae,
841 3817 878 3854 uti
891 3817 943 3856 baec
956 3817 1079 3856 adduntur:
1093 3814 1233 3866 quiquidem
1247 3817 1342 3857 fratrum
1356 3827 1384 3856 ae

213 3867 321 3905 laicorum
331 3867 441 3906 electione
451 3869 491 3907 tali
501 3873 536 3908 est
544 3870 677 3909 sublimatus
686 3873 800 3918 suggestu,
814 3870 921 3918 quonium
935 3871 1032 3910 maxima
1045 3871 1123 3910 floruit
1134 3871 1221 3920 pietate
1235 3874 1258 3909 et
1271 3867 1384 3910 industria

212 3919 237 4011 {ln
251 3919 321 4012 ρηέή
335 3920 471 4010 pripcipatu.
524 3921 548 3973 k)
562 3933 580 3964 c.
594 3924 692 3971 supplevi
705 3922 867 3965 axStar'ndals'o.
920 3921 937 3976 1)
952 3923 988 3964 Itu
1001 3935 1018 3967 c.
1071 3922 1103 3975 m)
1116 3925 1195 3963 lacuna
1207 3925 1231 3962 in
1244 3934 1269 3972 a,
1283 3924 1383 3972 supplen-

227 3984 264 4011 um
298 3983 388 4015 ennon.

213 4097 239 4164 1)
256 4100 282 4151 3.
294 4094 337 4151 Id.
357 4094 484 4149 Octobris
502 4098 586 4149 Notae
602 4099 841 4166 Waltenbwryeaees
858 4099 921 4167 (SS.
933 4101 1030 4167 XVII,
1046 4119 1075 4169 p.
1088 4100 1163 4164 572).
1199 4096 1288 4152 Nocte
1300 4103 1325 4154 3.
1338 4097 1382 4155 Id.

213 4166 339 4220 Octobris
361 4168 466 4223 Herim.
489 4170 560 4235 Aac.
668 4171 696 4237 2)
723 4170 764 4235 Cf.
787 4173 967 4227 Lambertum.
1075 4171 1103 4238 3)
1127 4172 1168 4235 Cf.
1187 4171 1291 4226 Herim.
1310 4172 1382 4236 Auq.

212 4241 240 4306 3)
256 4239 371 4307 Stampf
382 4257 426 4294 nr.
445 4241 631 4296 aava-2374.
735 4242 764 4308 4)
781 4242 823 4306 Of.
841 4242 945 4298 Herim.
964 4244 1045 4310 Aac,
1070 4243 1242 4294 Lambertam
1263 4259 1289 4296 a.
1303 4244 1382 4297 1050.

213 4309 240 4375 5)
257 4311 371 4378 Stampf
383 4328 427 4366 nr.
445 4313 525 4367 2376.
544 4313 623 4366 2377.
705 4311 732 4379 0)
748 4311 783 4366 In
801 4312 928 4380 Saxonis,
947 4315 1051 4369 Herim.
1069 4315 1140 4379 Aac.
1214 4313 1240 4380 7)
1257 4313 1383 4366 Marcbio

214 4382 432 4438 Car-intanorum.
469 4383 511 4448 Of.
529 4400 615 4452 supra
632 4400 658 4438 a.
672 4385 750 4438 1042.
