3268 5036
260 467 296 520 28
386 545 390 550 Ι
438 461 618 518 manus
636 463 889 520 Anrfflusus
908 463 1090 521 MAIORES.
1125 465 1161 522 A.
1176 467 1253 522 1041.

261 647 408 712 inimicis
431 647 618 724 inimicum,
644 651 680 712 et
702 647 791 711 nihil
814 647 893 732 plus
912 647 1077 712 Bolaniae
1100 647 1155 712 vel
1179 646 1285 712 ullius
1307 649 1433 732 regalis

262 736 457 820 provinciae
481 736 619 801 sibimet
642 735 854 812 submittere,
886 736 952 801 nisi
976 737 1061 800 duas
1084 737 1251 819 regiones,
1276 737 1433 820 quesibi

261 825 388 889 meruit
408 825 590 910 suscipere.
629 825 687 890 Ite
702 824 778 890 Deo
793 825 922 908 gratias
939 825 1054 890 clades
1077 829 1130 889 est
1152 829 1321 908 reparata,
1346 847 1433 909 quae

261 914 374 999 priore
397 935 488 978 anno
510 915 547 976 in
570 913 782 978 nostratibus
797 913 914 979 fuerat
928 917 1136 999 perpetrata,
1161 917 1197 978 et
1219 914 1322 979 rebus
1345 915 1434 980 bene

262 1004 467 1087 compositis,
491 1003 584 1067 unde
607 1006 786 1079 venerunt,
811 1022 930 1068 omnes
953 1003 1092 1067 domum
1114 1003 1303 1068 redierunt.
1340 1003 1433 1069 Tem·

261 1111 343 1175 pore
367 1096 484 1156 autem
506 1095 730 1177 praenotatae
758 1091 986 1176 expeditionis
1009 1089 1184 1176 Liutpold,
1216 1091 1308 1156 filius
1330 1092 1433 1156 Adai-

262 1181 351 1265 perti
388 1180 596 1244 marchionis
635 1179 910 1257 Baioariorum⁸,
950 1183 1159 1263 congregata
1196 1180 1432 1258 multitudine,

262 1272 391 1352 quanta
414 1269 539 1352 potuit,
569 1268 691 1333 urbem
720 1270 894 1351 quandam
923 1270 1066 1346 invadit,
1097 1289 1185 1352 quae
1213 1268 1250 1332 in
1276 1270 1433 1334 terminis

261 1358 478 1422 marcharum
493 1357 668 1422 Boiemiae
692 1378 732 1421 ac
751 1357 910 1423 Boiariae
933 1357 1022 1422 sita1
1045 1358 1136 1442 patri
1159 1378 1221 1422 suo
1244 1357 1377 1441 pridem
1399 1360 1434 1422 vi

261 1446 377 1510 fuerat
412 1445 543 1523 ablata,
580 1449 615 1511 et
651 1465 727 1510 eam
761 1447 985 1531 expugnavit,
1020 1447 1237 1511 innumeram
1271 1448 1434 1531 praedam

261 1534 440 1598 hominum
478 1555 707 1619 pecorumque
746 1535 905 1613 abduxit,
945 1535 1112 1620 praefecti
1150 1555 1285 1618 quoque
1323 1536 1434 1600 filium

261 1616 403 1687 vincirib
442 1623 574 1697 iubet⁰,
609 1624 731 1689 urbem
765 1625 838 1689 solo
873 1624 1049 1708 aequavit,
1085 1624 1264 1689 incolomis
1295 1624 1433 1688 domum

261 1707 387 1777 rediri.
434 1712 602 1778 Homines
625 1714 731 1778 etiam
754 1715 817 1790 sui,
848 1714 961 1778 illius⁰
989 1713 1217 1798 prosperitate
1247 1714 1432 1797 provocati,

263 1800 439 1866 Boemiam
463 1802 577 1866 denuo
600 1806 833 1886 perrexerunt,
865 1823 928 1866 nec
955 1802 1086 1866 minore
1109 1803 1237 1886 praeda
1260 1802 1363 1886 potiti
1386 1821 1434 1866 re·

198 1883 479 1956 invertuntur-f.
533 1890 632 1955 Idem
662 1890 891 1974 Liutpoldusss
915 1891 1141 1974 Radasponae
1170 1891 1244 1973 regi
1273 1890 1434 1955 redeunti

262 1977 398 2042 obviam
421 1979 517 2042 venit
548 1982 583 2042 et
613 1979 741 2062 gratias
771 1980 936 2044 maximas
965 1999 1044 2042 cum
1073 1979 1204 2044 meritis
1234 1978 1434 2043 muneribus

263 2061 405 2151 accepit,
436 2067 528 2132 inter
557 2067 626 2131 alia
656 2088 782 2151 equum
811 2067 989 2152 optimum,
1021 2069 1117 2132 ducis
1145 2067 1265 2132 Boemi
1296 2068 1432 2145 donum,

263 2175 365 2238 quem
380 2156 453 2239 ipse
469 2156 543 2240 regi
559 2157 743 2234 detulerat,
768 2177 847 2220 cum
862 2156 948 2221 sella
967 2157 1045 2220 miri
1068 2156 1229 2241 ponderis
1253 2160 1289 2222 et
1312 2157 1432 2241 operis,

263 2263 351 2326 quae
380 2247 457 2308 tota
487 2265 529 2310 ex
558 2249 701 2329 argento
732 2249 767 2311 et
797 2267 881 2310 auro
909 2245 1105 2310 fabrefacta
1133 2244 1260 2310 fuerat.
1308 2245 1375 2310 Sed
1399 2248 1435 2310 et

262 2334 415 2397 marchio
431 2335 647 2417 praedictum
663 2335 846 2418 captivum,
871 2334 1038 2419 praefecti
1054 2333 1173 2410 filium,
1189 2334 1263 2418 regi
1277 2333 1432 2411 tradidit,

262 2441 365 2504 quem
387 2421 448 2486 ille
463 2444 542 2486 mox
558 2424 638 2487 duci
653 2444 714 2488 suo
730 2423 892 2500 reddidit,
917 2427 995 2507 post
1017 2423 1111 2506 regia
1135 2423 1266 2507 pietate
1289 2422 1434 2487 indulsit

263 2511 375 2576 cidem
398 2512 554 2594 promissi
577 2512 733 2575 thesauri
755 2512 1007 2576 medietateml.

368 2599 501 2663 Eodem
528 2620 619 2663 anno
646 2600 683 2662 in
705 2600 865 2664 orientali
889 2599 1035 2664 Francia
1057 2604 1181 2665 vontus
1204 2600 1433 2666 validissimus

262 2707 389 2769 magna
405 2687 503 2752 dedit
521 2681 681 2765 damnah,
701 2690 788 2754 adeo
802 2693 844 2761 ut
859 2689 956 2752 iuxta
971 2689 1128 2753 Montem
1143 2688 1313 2754 Paronis8
1328 2689 1433 2754 silvae

262 2795 424 2857 magnam
442 2780 576 2860 partem
599 2779 831 2860 prostraverit,
855 2771 1053 2842 innumerai
1077 2778 1235 2843 aedificia
1250 2778 1432 2843 subruerit.
1455 2837 1458 2841 .

264 2863 397 2928 Caritas
431 2868 466 2929 et
496 2867 640 2950 penuria
672 2866 813 2950 frugum
847 2867 996 2931 maxima
1029 2887 1090 2950 per
1123 2871 1238 2932 totum
1267 2867 1433 2952 Franciac

261 2973 416 3035 regnum.
439 2951 441 2956 ’
463 2953 541 3018 Hoc
571 2955 677 3019 etiam
706 2975 796 3020 anno
820 2956 919 3020 Iseo*
948 2955 1072 3020 fluvius
1101 2957 1199 3020 iuxta
1222 2955 1357 3020 Poaan⁵
1385 2955 1433 3019 ni·

262 3042 369 3105 mium
399 3043 571 3108 inundans
601 3044 829 3109 miserandam
857 3048 1007 3128 stragem
1035 3046 1140 3122 dedit,
1171 3049 1300 3110 terram
1322 3045 1433 3109 vinea-

262 3152 338 3194 rum
368 3131 527 3196 funditus
555 3153 663 3216 usque
691 3134 736 3197 ad
759 3155 840 3198 saxa
862 3135 993 3219 proluit
1017 3138 1052 3199 et
1075 3134 1152 3198 aliis
1175 3134 1273 3198 iuxta
1295 3133 1434 3198 iacenti-

262 3220 327 3285 bus
351 3221 495 3286 candem
518 3222 662 3305 ingessit
687 3225 722 3286 et
744 3217 946 3307 plerasque¹¹
971 3223 1092 3287 taliter
1113 3222 1255 3287 inutiles
1270 3221 1433 3298 reddidit,

263 3330 305 3376 ex
327 3313 474 3392 utraque
504 3314 603 3394 parte
633 3311 722 3375 alvei
752 3312 994 3387 aedificiorum,
1025 3312 1258 3375 iumentorum
1281 3314 1317 3374 et
1340 3329 1434 3392 agro·

262 3421 339 3463 rum
362 3399 546 3463 maximam
570 3400 704 3464 cladem
726 3400 821 3464 iecit.
868 3399 936 3464 Sed
960 3403 996 3464 et
1019 3398 1159 3462 Athesis
1188 3396 1313 3460 fluvius
1341 3397 1433 3478 apud

263 3488 434 3552 Veronam
449 3491 550 3552 tanta
566 3482 696 3554 eluvie¹
718 3488 832 3552 subito
849 3487 1009 3563 excrevit,
1033 3490 1074 3549 ut
1093 3486 1281 3561 domorum,
1305 3484 1434 3548 iumen-

262 3580 387 3653 torum,
419 3576 607 3654 hominum,
639 3597 799 3660 agrorum
821 3579 955 3659 partem
977 3573 1145 3638 vastando
1168 3572 1366 3657 perdiderit,
1398 3577 1435 3637 et

263 3665 314 3728 vis
344 3665 465 3728 diluvii
495 3666 665 3742 homines,
697 3665 756 3747 qui
786 3666 978 3739 evaserant,
1011 3661 1124 3745 coegit
1153 3662 1198 3726 ad
1227 3661 1432 3737 aedificium,

264 3755 355 3837 quod
384 3757 528 3818 vocatur
557 3753 715 3829 Aerina⁶,
748 3751 934 3834 confugere
965 3754 1014 3828 et,
1046 3750 1210 3833 quamdiu
1240 3770 1349 3834 aquae
1380 3751 1434 3815 de-

264 3846 466 3920 crescerent,
491 3843 580 3906 illud
602 3841 762 3905 incolere.

263 3978 286 4028 a)
300 3977 406 4017 Boiorum
421 3979 539 4017 ermenus
552 3979 578 4017 dc
591 3988 630 4016 suto
644 3986 704 4015 more
717 3977 812 4025 rcrdpslt,
826 3976 883 4024 quod
897 3977 991 4018 σοννσωί.
1056 3977 1080 4024 b)
1095 3977 1156 4016 vlnel
1170 3989 1187 4020 c.
1250 3977 1271 4028 c)
1285 3976 1394 4028 praefecti
1408 3998 1434 4005 —

264 4032 327 4072 lubet
335 4032 359 4069 in
368 4041 439 4080 mam.
449 4031 532 4074 oddae.
548 4031 622 4083 [iussit
635 4030 651 4080 (r
659 4027 763 4078 abduxit)
776 4029 887 4078 mendam
900 4029 990 4073 addar.
1004 4028 1079 4082 Ml]
1133 4029 1157 4079 d)
1171 4031 1282 4071 remeavit
1294 4031 1310 4082 (z
1318 4030 1435 4081 reqmvir)

263 4085 374 4134 merdam
384 4085 474 4126 masur.
489 4085 554 4127 H.·E.
595 4083 756 4131 eneam.
798 4079 1434 4135 r)r0d10mnt(:penexemnr)npeaumoaeur.u-n.

263 4140 286 4189 g)
300 4141 317 4188 t.
327 4137 365 4179 ἴδ’.
380 4138 404 4175 ln
419 4138 463 4175 imo
477 4149 548 4186 marg.
561 4137 678 4176 Aventinus
691 4137 786 4176 aotam:
800 4135 859 4175 infra
872 4137 887 4178 f.
900 4136 934 4178 80.
998 4137 1022 4188 h)
1037 4138 1138 4187 pericula
1152 4138 1255 4180 sedada.
1318 4137 1335 4189 i)
1351 4141 1374 4178 et
1387 4137 1434 4179 iun.

265 4191 367 4234 scalada.
421 4189 446 4241 k)
459 4190 593 4240 pherssque
607 4200 624 4231 c.
679 4188 695 4240 l)
709 4189 798 4228 eluviae
812 4201 828 4230 r.

266 4299 291 4365 1)
308 4299 347 4349 Dc
365 4314 418 4364 qua
437 4297 721 4364 001ιεί88ίεί0ιί0νῶ
743 4296 932 4349 ‘Jatrnnter’
950 4298 974 4365 I,
989 4316 1018 4367 p.
1033 4300 1092 4353 109.
1107 4300 1167 4365 110,
1187 4315 1213 4352 a.
1233 4299 1258 4352 6.
1347 4297 1375 4364 2)
1392 4298 1434 4362 Cf.

265 4369 424 4421 chronicam
444 4370 550 4421 Cosam
567 4368 713 4435 Progenie
730 4368 769 4435 II,
789 4386 810 4422 c.
829 4371 855 4436 2,
881 4369 928 4421 ubi
951 4371 1085 4434 similiter,
1111 4369 1156 4421 ced
1179 4369 1282 4420 traaas
1306 4385 1350 4420 ree
1367 4371 1435 4432 refe

263 4446 372 4505 rantur,
399 4447 422 4492 et
441 4442 512 4496 Ana.
531 4441 632 4495 Socors.
656 4441 694 4492 od
716 4457 742 4495 c.
757 4442 834 4496 1042.
924 4440 951 4508 3)
968 4441 992 4496 Ι.
1010 4457 1031 4495 e.
1050 4439 1191 4505 samara
1280 4438 1309 4506 4)
1325 4439 1435 4494 Eteocle.

264 4511 291 4578 ὁ)
308 4511 415 4566 Bctzen.
488 4512 515 4580 6)
532 4515 624 4564 Arena
641 4513 803 4566 Veronensis.
