3270 5028
256 467 290 522 76
432 461 612 518 ANNALas
630 461 884 518 ALTAHaNsas
902 461 1084 520 MAIORES.
1120 464 1157 521 A.
1171 467 1249 522 1069.

185 669 246 713 res.
794 639 889 711 1069.

362 753 583 816 Dominicum
612 751 729 816 natale
758 772 818 816 rex
847 752 1069 834 ldogontiae1
1096 753 1246 836 peregit,
1283 773 1428 836 moxque

256 841 510 925 expeditionem
533 845 652 904 contra
666 841 840 904 Liutizos⁸
860 841 896 903 in
912 841 986 924 ipso
1002 841 1124 905 hiemis
1139 846 1295 926 tempore
1315 844 1430 926 parari

255 930 357 994 iussit
366 931 387 992 ².
435 928 511 1008 Quo
533 934 687 1012 tempore
711 930 781 992 dux
804 928 897 1006 Otto,
929 931 988 1011 qui
1017 930 1053 992 in
1076 930 1281 994 beneficium
1304 931 1428 994 habuit

256 1019 482 1083 Altahensem
514 1018 705 1095 abbatiam,
741 1018 907 1081 fratribus
941 1011 1032 1081 illisb
1066 1018 1217 1101 eligendi
1246 1019 1339 1082 inter
1368 1024 1423 1084 se⁰

256 1107 390 1170 abbatis
421 1107 589 1170 concessit
617 1105 804 1170 licentiam.
851 1105 919 1184 Qui
948 1128 1027 1171 mox
1056 1107 1130 1171 sinc
1159 1107 1234 1170 ulla
1262 1106 1428 1172 dilatione

256 1195 435 1277 elegerunt
465 1195 637 1277 quendam
672 1215 752 1258 suae
784 1195 1060 1278 congregationis
1094 1195 1253 1273 fratrem,
1289 1197 1428 1261 nomine

256 1283 487 1360 Walckerum,
504 1283 616 1346 virum
631 1283 749 1346 multis
764 1283 951 1347 virtutibus
972 1283 1210 1367 adprobatum.
1245 1283 1428 1368 Expeditio

257 1375 382 1448 autem,
407 1372 560 1454 quamvis
576 1371 690 1435 subito
706 1372 799 1436 iussa
815 1375 904 1435 esset
927 1376 962 1436 et
982 1373 1086 1449 facta,
1109 1375 1228 1436 tamen
1244 1374 1429 1437 admodum

254 1459 353 1524 utilis
383 1464 436 1525 est
464 1459 619 1544 probata.
666 1460 770 1524 Terra
793 1461 922 1524 etenim
945 1461 1008 1523 illa
1030 1480 1243 1543 paganorum
1273 1461 1369 1543 aquis
1393 1465 1429 1525 et

256 1549 441 1633 paludibus
474 1551 526 1612 est
556 1544 687 1632 *plena
723 1549 784 1612 sed
812 1552 913 1624 tunc,
949 1549 1072 1612 hiemis
1102 1549 1234 1613 scilicet
1262 1553 1427 1633 tempore,
1439 1573 1531 1624 *asro

256 1638 401 1701 nimium
429 1641 504 1702 erat
527 1637 718 1720 congelata,
750 1641 785 1700 et
808 1637 885 1701 ideo
909 1632 1095 1700 exercitui(1
1120 1638 1216 1701 facta
1240 1643 1292 1702 est
1314 1637 1428 1702 facilis

256 1726 473 1808 ingrediendi
508 1730 543 1790 et
578 1726 776 1808 egrediendi
810 1726 875 1789 via.
931 1726 1015 1790 Levi
1049 1726 1156 1809 igitur
1190 1727 1428 1808 congressione

255 1815 358 1879 urbes
388 1813 520 1897 aliquot
551 1817 725 1897 ceperunt,
749 1813 850 1878 villas
873 1815 1070 1879 innumeras
1093 1818 1269 1879 vastantes
1292 1834 1428 1878 succen-

257 1901 391 1980 derunt,
423 1903 564 1986 predam
594 1905 630 1966 et
660 1903 896 1985 captivitatem
925 1904 1117 1967 inmensam
1145 1923 1261 1968 secum
1284 1904 1429 1968 abduxe-

256 1994 348 2053 runt.
410 1990 499 2074 Ipsis
538 2009 618 2072 ergo
656 1990 778 2054 diebus
818 1989 955 2054 facinus
997 1991 1180 2056 infandum
1222 1993 1430 2076 patrandum

256 2079 395 2156 fuisset,
435 2078 502 2142 nisi
536 2078 631 2142 Deus
665 2079 860 2162 iniquorum
897 2080 1041 2144 consilia
1079 2081 1286 2164 dissipasset.
1342 2080 1430 2145 (lum

258 2168 358 2243 enim,
384 2167 522 2230 dimisso
539 2168 699 2245 exercitu,
723 2188 784 2232 rex
806 2169 873 2232 iter
897 2173 1014 2251 ageret
1029 2190 1108 2232 cum
1124 2171 1309 2234 admodum
1325 2189 1430 2253 parua

256 2256 490 2333 multitudine,
520 2275 621 2340 saepe
650 2256 762 2321 dictus
786 2261 822 2321 et
845 2257 1010 2321 dicendus
1035 2258 1105 2321 dux
1128 2257 1211 2321 Otto
1236 2259 1327 2342 cepit
1350 2279 1429 2323 eum

256 2364 386 2427 rogare,
419 2347 559 2408 domum
589 2365 694 2421 suam,
727 2365 814 2428 quae
844 2345 938 2410 illius
969 2346 1167 2410 civitatibus
1196 2347 1234 2409 in
1261 2347 1317 2410 via
1344 2350 1427 2423 erat,

257 2454 373 2498 secum
396 2435 499 2510 adire,
523 2435 736 2516 promittens,
762 2455 797 2498 se
821 2434 907 2497 inibi
930 2435 1136 2498 serviturum
1159 2435 1321 2498 studiose.
1362 2434 1430 2513 Qui

257 2543 337 2586 mox
360 2523 483 2585 annuit
506 2522 648 2604 petenti,
675 2522 755 2603 quia
778 2524 926 2586 necdum
949 2522 992 2586 ab
1017 2543 1056 2586 eo
1080 2523 1317 2606 suspicabatur
1340 2524 1428 2606 quic·

258 2631 361 2693 quam
389 2610 483 2673 mali.
540 2608 625 2672 Erat
655 2613 771 2674 autem
800 2613 885 2674 tunc
915 2611 1002 2675 inibi
1033 2611 1171 2689 Chuno,
1207 2612 1364 2676 minister
1394 2615 1429 2676 et

257 2700 409 2762 nutritor
436 2698 526 2780 regis
536 2697 557 2774 ³,
593 2698 652 2780 qui
681 2697 859 2762 ferebatur
887 2701 1036 2782 gratiam
1066 2701 1161 2764 ducis
1190 2720 1261 2763 non
1290 2700 1427 2764 habere.

258 2787 345 2850 Iniit
375 2806 470 2867 ergo,
501 2789 541 2848 ut
571 2787 705 2864 dicunt,
738 2807 815 2850 cum
846 2789 915 2851 suis
946 2790 1016 2852 dux
1045 2788 1235 2865 consilium,
1266 2792 1306 2850 ut
1335 2789 1428 2852 idem

260 2873 403 2938 Ohuono
434 2876 727 2952 dehonestaretur,
759 2877 856 2958 quasi
885 2877 1095 2959 iugulandus
1123 2880 1203 2941 ante
1231 2876 1429 2940 cubiculum

258 2967 302 3040 et,
328 2983 407 3026 cum
428 2982 488 3026 rex
512 2963 556 3025 ad
579 2964 768 3027 sedandum
791 2965 980 3028 tumultum
997 2965 1155 3031 cubiculo
1178 2965 1360 3050 prosiliret,
1385 2964 1428 3029 ab

258 3051 373 3134 aliquo
409 3051 584 3115 confossus
619 3051 784 3116 interiret.
842 3054 939 3118 Tunc
976 3055 1084 3137 igitur
1117 3054 1286 3118 militibus
1322 3054 1427 3131 ducis,

258 3141 349 3222 quod
372 3139 438 3203 sibi
460 3141 590 3203 iussum
614 3144 696 3218 erat,
724 3142 928 3206 conantibus
945 3146 980 3207 et
995 3143 1177 3207 verborum
1193 3143 1426 3220 contumelias,

257 3231 350 3293 unde
373 3229 446 3292 litis
470 3228 608 3291 initium
631 3229 741 3307 fieret,
765 3230 1007 3308 iaculantibus,
1036 3252 1181 3314 moxque
1205 3232 1259 3295 his
1284 3236 1319 3295 et
1342 3231 1427 3294 illis:

260 3317 383 3394 ‘Arma
407 3317 525 3380 armal'
552 3317 855 3396 conclamantibus,
880 3319 1062 3384 Ohuononi
1086 3320 1187 3383 citius
1211 3320 1294 3384 socii
1317 3321 1370 3383 sui
1392 3320 1429 3382 in

258 3408 361 3470 armis
392 3406 616 3483 adstiterunt,
648 3407 762 3489 sicque
792 3411 921 3472 temere
951 3412 1052 3492 cepta
1080 3408 1185 3472 facile
1215 3409 1428 3491 quieverunt.

257 3495 332 3559 Rex
354 3497 470 3558 autem
493 3514 557 3559 nec
573 3495 752 3578 quisquam
776 3517 817 3560 ex
840 3497 909 3560 suis
932 3497 995 3560 illa
1018 3499 1103 3560 hora
1125 3497 1307 3574 intellexit,
1333 3497 1428 3560 cuius

257 3584 308 3646 rei
331 3602 435 3646 causa
457 3584 542 3647 haec
565 3585 764 3648 machinata
786 3584 927 3663 fuerint,
953 3588 1107 3651 attamen
1130 3605 1249 3650 verum
1272 3605 1345 3649 esse
1368 3585 1427 3662 ita,

258 3789 281 3840 a)
290 3789 389 3829 Luttizes
401 3801 425 3840 a,
439 3790 539 3830 Liutlces
548 3793 596 3834 cccl.
606 3792 702 3840 Stclnd.,·
716 3797 840 3835 correctum.
881 3793 904 3846 b)
914 3793 948 3832 illi
957 3805 986 3842 c.;
1000 3793 1045 3833 illis
1059 3795 1082 3832 ln
1092 3793 1197 3832 Auctor-to
1207 3793 1335 3832 Elclcebarcll
1344 3797 1363 3830 ct
1370 3792 1430 3840 apud

259 3843 428 3945 gcqqqcrqustqsc
448 3843 469 3895 o)
482 3844 543 3884 inter
551 3856 576 3885 se
590 3847 613 3884 tn
623 3847 668 3888 cod.
679 3847 766 3895 omissa,
780 3847 804 3886 in
813 3848 919 3886 ductario
928 3847 1056 3886 Elclcburdl
1069 3852 1089 3886 ct
1103 3848 1162 3896 apud
1172 3847 1314 3886 staindelium
1324 3847 1431 3896 acuatur.

260 4073 286 4141 1)
303 4071 443 4126 Goslariae
468 4075 632 4128 Ber-thollius
656 4082 680 4128 ct
702 4076 868 4127 Lambcrtus.
906 4075 948 4139 Cf.
974 4076 1089 4143 Stampf
1107 4092 1150 4130 nr.
1170 4077 1249 4130 2721.
1339 4075 1366 4141 2)
1388 4075 1429 4139 Cf.

258 4146 379 4197 Annales
395 4147 666 4212 Weissembarqcnses,
680 4147 864 4211 Bartholrlum,
878 4146 1042 4211 Siqebertum
1056 4147 1271 4201 Gcccblaccnscm.
1344 4146 1371 4213 3)
1388 4146 1429 4210 Cf.

259 4217 413 4268 Bruaocem
431 4233 451 4270 c.
466 4219 507 4272 11.
526 4225 550 4270 et
568 4219 687 4285 diploma
705 4219 785 4284 repis,
805 4218 847 4268 dic
859 4218 902 4270 26.
915 4219 1013 4269 canas
1026 4217 1144 4270 Octobris
1155 4218 1313 4272 cnal1064.
1326 4217 1428 4281 datum,

259 4303 310 4353 qao
330 4288 435 4340 Caracal
448 4290 565 4356 praedic
583 4289 713 4355 quaedum
730 4290 853 4340 cenassit
871 4288 998 4354 (Stampf
1011 4304 1055 4342 ar.
1073 4290 1167 4353 2652).
1203 4289 1262 4340 Rea
1277 4289 1429 4355 profitetur,

259 4373 285 4409 se
298 4359 445 4410 liberaliter
456 4374 534 4424 acere
552 4358 587 4411 ob
606 4357 687 4411 fidele
705 4357 849 4412 servicium
868 4357 1053 4425 humilemque
1071 4358 1297 4426 supplicationem
1310 4356 1430 4410 (lunonis

258 4427 406 4482 iuventutis
424 4445 489 4482 suae
506 4427 668 4496 pedissequi.
