3268 5036
249 469 284 522 22
382 463 561 519 ANNALES
580 460 832 517 ALTAHENSES
851 461 1032 518 Malusne.
1069 461 1288 518 A.1037.1038.

249 650 355 713 ducta
371 652 533 732 patruum
549 667 647 710 suum
664 647 818 711 seditiosi
833 647 1043 722 invaserunt,
1059 646 1172 729 ipsum
1184 645 1418 717 oeciderunt²,

250 737 339 802 filios
370 738 442 802 eius
472 756 531 801 sex
561 755 639 800 cum
666 735 958 819 commparvulis
982 734 1173 816 etreliqua
1195 733 1419 798 multitudine

251 826 434 910 promiscui
464 845 563 890 sexus
593 827 629 890 et
658 825 783 889 aetatis
813 845 882 887 non
911 824 1024 887 minus
1048 823 1077 886 L
1101 822 1280 886 hominum
1302 841 1419 888 omnes

250 914 352 979 simul
375 914 411 977 in
434 935 505 978 una
528 915 629 978 domo
653 913 890 977 incenderunt.

358 1127 551 1212 Imperator
573 1030 956 1190 nativitatemlbddnini
979 1127 1123 1190 Parmae
1145 1124 1241 1201 iecit,
1265 1128 1306 1187 ut
1329 1144 1421 1208 prae·
1441 1051 1525 1098 pm
1607 1077 1608 1150 l

251 1220 410 1280 notatum
434 1220 496 1280 est.
543 1214 744 1279 Praedictus
769 1214 870 1291 Odto,
901 1215 1124 1298 Burgundiae
1148 1214 1305 1298 princeps
1328 1233 1422 1277 usur-

186 1305 367 1389 rapative
395 1303 519 1380 iactus,
550 1305 587 1368 in
615 1304 805 1388 pertinacia
828 1325 891 1368 sua
915 1308 1035 1368 contra
1057 1296 1189 1388 ipsumb
1216 1302 1328 1366 voluit
1351 1323 1422 1386 per·

252 1393 376 1458 durare
399 1392 580 1458 finetenus.
620 1391 720 1471 Quod
744 1393 864 1457 dolens
885 1391 1004 1457 Goailo
1028 1392 1097 1456 dux
1120 1391 1423 1474 Letharingiorum

145 1502 330 1548 maiacum
354 1482 696 1566 comprovincialibus
726 1502 806 1547 eum
833 1481 960 1546 invasit
982 1482 1179 1564 victumque
1210 1481 1357 1545 extinxit
1387 1483 1423 1545 et

252 1574 357 1654 caput
380 1570 453 1635 eius
476 1571 676 1654 imperatori
699 1571 823 1635 direxit
831 1569 852 1632 ¹.
900 1569 1044 1634 ansar⁰
1075 1571 1113 1633 in
1136 1569 1295 1633 Sudrun²
1317 1589 1422 1653 prope

137 1681 242 1724 narra.
251 1659 396 1724 Romam
425 1661 554 1743 paseha
583 1660 726 1744 peregit.
785 1659 873 1724 Inde
904 1659 1018 1724 exiens
1048 1653 1227 1722 'fasciam‘¹
1260 1658 1421 1734 tetendit,

251 1747 367 1830 ibique
397 1747 559 1812 Pandulfi
593 1748 690 1811 ducis
725 1769 810 1811 uxor
845 1767 923 1812 cum
956 1747 1028 1811 filio
1058 1768 1119 1811 suo
1150 1751 1185 1811 et
1215 1747 1288 1810 filia
1317 1747 1421 1822 venit,

251 1838 437 1900 maximum
459 1838 661 1900 thesaurum
686 1835 832 1900 afferens
857 1840 892 1901 et
915 1837 1059 1920 pignora
1081 1856 1143 1900 sua
1159 1836 1263 1900 vades
1282 1836 1423 1919 impera-

251 1925 319 1988 tori
342 1924 554 2006 relinquens;
587 1928 768 2008 postquam
793 1926 940 2007 gratiam
963 1924 1028 1988 sibi
1051 1924 1242 2007 maritoque
1266 1925 1423 2008 impetra·

251 2013 311 2080 vit,
337 2013 476 2076 domum
499 2014 674 2077 remeavit.
722 2013 801 2098 Ipse
826 2015 917 2078 enim
940 2014 1010 2077 dux
1032 2013 1109 2078 ideo
1128 2034 1198 2076 non
1214 2013 1319 2089 venit,
1343 2013 1424 2095 quia

251 2121 428 2183 nunquam
463 2122 498 2166 se
534 2101 733 2184 cuiusquam
771 2102 987 2187 imperatoris
1020 2102 1146 2166 faeiem
1179 2101 1296 2165 videre
1330 2122 1422 2185 prae·

252 2193 469 2274 sumpturum
492 2191 651 2254 firmavit.
697 2190 822 2256 Postea
837 2212 917 2256 vero
933 2191 1024 2254 fflius
1041 2191 1123 2268 eius,
1149 2210 1250 2273 quem
1269 2190 1423 2254 obsidem

252 2279 402 2357 miserat,
426 2280 542 2344 nescio
558 2300 626 2363 quo
641 2284 771 2345 terrore
787 2281 990 2364 perterritus
1005 2280 1125 2362 fugam
1141 2279 1229 2355 iniit,
1254 2282 1307 2343 set
1330 2299 1424 2342 soror

253 2369 326 2433 eius
349 2370 524 2433 remansit.
571 2369 663 2432 Hine
695 2389 810 2434 caesar
839 2369 1038 2451 intelligens
1069 2389 1147 2433 eum
1178 2368 1294 2432 dolose
1324 2387 1423 2450 agen·

252 2461 333 2533 tem,
359 2478 436 2520 cum
452 2457 667 2520 nullomodo
683 2461 797 2540 posset
813 2461 911 2520 eum⁰
931 2477 1100 2532 revocare,
1126 2458 1290 2521 ducatum
1305 2457 1423 2540 nepoti

253 2546 368 2629 ipsius,
393 2546 531 2609 nomine
543 2544 727 2620 Weimaro,
751 2545 907 2622 tradidit,
931 2545 1080 2627 indeque
1095 2547 1132 2608 in
1148 2550 1301 2610 montem
1318 2544 1423 2609 Cassi-

252 2655 336 2696 num
359 2634 518 2717 perrexit,
543 2652 611 2714 quo
633 2636 674 2695 ut
698 2632 863 2716 pervenit,
887 2633 1004 2696 omnia
1022 2654 1043 2696 a
1058 2634 1233 2716 praedicto
1250 2633 1423 2697 Pandulfo

252 2725 389 2786 vastata
411 2721 571 2805 repperit,
596 2741 650 2785 res
673 2721 872 2784 monasterii
896 2721 1088 2797 distractas,
1119 2723 1304 2786 monachos
1327 2722 1423 2805 fuga-

252 2814 318 2874 tos.
370 2809 415 2872 Et
445 2810 526 2891 quia
555 2812 667 2872 rector
696 2808 745 2872 ibi
775 2808 904 2885 defuit,
937 2809 1010 2893 ipse
1040 2809 1202 2876 abbatem
1232 2811 1422 2886 substituit,

252 2898 457 2962 Rihherium
492 2897 624 2961 seilicet
654 2896 815 2962 abbatem
844 2898 1071 2975 Leonensem,
1107 2901 1314 2963 monachum
1343 2919 1423 2964 vero

253 2986 495 3062 Altahensem,
530 2986 710 3069 ipsumque
745 3007 815 3050 una
850 3007 928 3050 cum
962 2987 1136 3052 Weimaro
1171 2991 1423 3072 persecutorem

252 3075 338 3138 iecit
362 3074 536 3138 Pandulio
566 3073 689 3138 malol.
742 3075 808 3139 His
837 3070 976 3160 itaquef
1011 3077 1206 3161 compositis
1235 3078 1423 3161 repatriare

254 3163 422 3246 disposuit
451 3163 663 3247 temporibus
693 3165 843 3248 Augusti
875 3167 1016 3243 mensis,
1052 3166 1145 3229 unde
1176 3169 1211 3229 et
1240 3166 1423 3230 maximam

254 3255 386 3336 partem
417 3252 586 3315 exercitus
616 3253 783 3336 perdidit,
819 3275 903 3336 quos
938 3255 1110 3320 horrenda
1140 3255 1281 3318 aestatis
1311 3253 1423 3318 rabies

161 3359 203 3402 m.
212 3359 243 3400 ιε.
253 3339 495 3404 miserabiliter
524 3342 681 3404 extinxit.
733 3341 965 3426 Ohunigunda
994 3363 1128 3426 quoque
1158 3346 1269 3427 nupta
1297 3342 1423 3426 regalis

161 3431 289 3492 maaet
312 3427 555 3505 Herimannus,
584 3429 676 3495 filius
699 3431 934 3515 imperatricis,
966 3432 1035 3496 dux
1059 3431 1204 3496 Sueviae
1227 3452 1305 3495 cum
1327 3432 1422 3494 innu-

253 3537 347 3580 mera
369 3516 594 3582 multitudine
619 3519 827 3584 interierunt
851 3520 971 3585 eadem
994 3521 1102 3585 clade.
1350 3525 1351 3528 ’

412 3605 584 3670 Praesulis
608 3608 742 3672 emeriti
765 3611 849 3672 tunc
873 3612 908 3674 et
931 3609 1034 3673 flatus
1058 3607 1257 3674 Godehardi

164 3713 243 3758 aare.
414 3693 559 3758 Carnem
583 3695 714 3760 dimisit
736 3700 771 3761 et
796 3698 945 3763 caelicag
970 3719 1077 3780 regna
1100 3698 1234 3782 petivit.

147 3803 243 3853 aare.
254 3781 319 3846 Oui
353 3783 576 3847 substituitur
608 3783 725 3849 Tiemo
759 3787 873 3870 regius
909 3786 1108 3870 capellanus
1142 3788 1179 3849 in
1214 3787 1424 3871 episcopium

252 3919 275 3970 a)
289 3920 320 3957 sic
334 3919 437 3961 aalma.
450 3924 517 3968 recu,-
535 3917 639 3960 occidere
655 3933 671 3962 c.
692 3922 757 3964 ΕιΕ.
818 3924 841 3974 b)
857 3923 1015 3973 imperatorem
1029 3923 1132 3965 Stalndel.
1187 3927 1207 3971 c)
1223 3925 1348 3973 Imperator
1363 3922 1424 3973 apud

253 3972 353 4012 Sutrium
368 3972 471 4014 aalma.
525 3971 549 4024 d)
562 3974 586 4011 al
599 3974 622 4011 in
636 3975 682 4017 cod.
700 3980 719 4014 et
733 3977 792 4024 apud
806 3978 949 4016 marmarum
965 3977 1055 4025 ιφίιιιν)
1073 3977 1133 4026 Wipo
1148 3989 1164 4018 r.
1173 3979 1205 4021 ³7.
1220 3979 1298 4017 rectius
1312 3978 1424 4017 holdrin

253 4025 359 4074 Apuliam
368 4022 483 4066 tendebat.
503 4025 686 4074 mamaeam,
700 4040 765 4078 quom
779 4031 802 4068 ἐκ
807 4031 884 4078 priori
893 4031 986 4070 sattim
996 4041 1062 4068 aucus
1070 4034 1100 4068 cet
1110 4031 1284 4081 mamaeam,
1298 4032 1423 4079 retraetari,

253 4089 300 4117 rum
314 4078 369 4116 mihi
378 4078 494 4126 probabile
508 4079 553 4116 lam
567 4091 611 4118 non
625 4081 730 4132 videmur,
749 4083 867 4122 limarsum
880 4084 949 4121 uuum
963 4093 987 4122 co
1001 4084 1106 4131 devenire,
1124 4088 1147 4120 ut
1161 4085 1264 4124 Tusciam
1284 4085 1365 4123 nascar
1378 4095 1424 4132 pro

253 4131 384 4224 &ww
403 4133 424 4179 e)
438 4131 500 4169 illum
515 4137 592 4180 posset
605 4134 707 4177 Staium
761 4136 825 4188 nita
840 4137 943 4179 scalada.
997 4135 1020 4187 g)
1034 4136 1119 4176 coelica
1133 4147 1162 4184 c.‚·
1183 4137 1253 4178 celica
1268 4138 1328 4180 Arar.
1343 4137 1424 4180 maes.

254 4273 279 4340 1)
298 4273 340 4338 Cf.
359 4275 430 4327 Ana.
449 4273 527 4329 Hiar.
545 4281 569 4326 et
587 4277 658 4331 Ana.
678 4278 743 4333 Soa.
763 4280 799 4330 ad
817 4295 843 4332 a.
858 4280 935 4332 1037.
1011 4277 1039 4344 2)
1057 4279 1090 4328 In
1107 4279 1213 4330 castello
1231 4279 1320 4345 Spello
1338 4279 1423 4343 (Ana.

251 4346 343 4409 Hild.)
361 4347 508 4412 imperator
523 4347 624 4413 pascha
639 4351 751 4416 permit,
771 4365 823 4401 nen
841 4349 939 4404 Sutrii.
1012 4350 1039 4415 3)
1055 4349 1118 4399 Vide
1136 4349 1167 4399 de
1184 4349 1228 4400 bis
1245 4350 1323 4401 rebus
1341 4350 1424 4400 Ama·

252 4423 308 4467 tum
326 4417 378 4480 (cd.
393 4417 700 4485 Clampetia-Fiam)
719 4421 759 4486 II,
778 4438 799 4474 c.
817 4422 897 4486 4-6,
918 4420 1087 4473 Deciderium
1105 4420 1135 4470 in
1153 4420 1236 4472 Libro
1254 4421 1423 4486 dialoyorum

252 4494 275 4538 ct
294 4487 391 4546 Chren.
411 4503 479 4545 roca.
500 4489 664 4544 Carrinensis
681 4492 720 4557 II,
740 4508 761 4545 c.
780 4494 823 4548 63.
