3268 5036
261 445 317 500 XX
524 442 703 498 ANNALES
721 441 976 497 ALTAHENSES
994 440 1175 500 MAIORES.

261 627 369 692 berius
384 627 533 707 hauserit,
558 633 585 690 et
609 625 714 689 multis
737 624 813 690 locis
834 624 974 690 drobitari
990 630 1101 706 potest,
1124 631 1231 690 utrum
1246 625 1434 689 Lambertus

261 718 356 780 verba
388 737 449 780 suo
482 736 520 779 ec
549 713 734 779 Annalibus
761 712 1041 792 Hersfetdensibus
1068 735 1113 778 an
1140 735 1179 777 erc
1207 713 1434 778 Ababensibus
1563 811 1566 818 ⁴

262 803 470 886 descripserit.

369 893 414 956 In
447 891 576 957 edendis
609 890 727 956 nostris
760 889 932 955 annalibus
971 889 1123 955 maiorem
1162 889 1279 955 laboris
1306 896 1434 972 partem

266 979 406 1059 Oefebius
428 979 571 1062 suscepit
617 979 688 1061 qu
716 978 800 1044 nibil
828 978 920 1044 aliud
945 978 1017 1059 feci,
1048 999 1144 1060 qnam
1167 985 1200 1044 ut
1222 979 1316 1043 oerba
1338 977 1433 1060 serip-

261 1068 348 1148 toris,
376 1088 456 1149 quae
479 1089 518 1133 en
540 1067 642 1133 codice
664 1067 852 1147 restituerat,
881 1073 1085 1132 retractarem
1107 1073 1137 1132 e
1158 1067 1268 1132 uarias
1291 1067 1434 1132 lectiones

261 1156 489 1238 subinuqcrem.
537 1157 655 1237 Notas,
685 1176 765 1237 quas
793 1154 965 1220 annalibus
993 1155 1140 1238 apposui,
1170 1155 1334 1222 tectoribus
1361 1154 1434 1220 usui

262 1245 392 1324 futuras
414 1266 480 1310 esse
501 1264 601 1327 spero.

370 1367 550 1434 Scribebnm
572 1367 742 1433 Monacbii
765 1367 815 1433 die
839 1374 891 1432 28.
917 1368 1104 1432 Novembris
1131 1373 1225 1432 1867.

663 1599 966 1666 WILHELMUS
986 1599 1057 1664 DE
1081 1599 1397 1664 GIESEBREGH
1398 1600 1432 1662 Τ.

690 1935 1008 1942 --....—-——-—.-.——

400 2250 702 2328 PRAEFATIO
727 2249 1012 2328 EDITIONIS
1036 2251 1293 2327 ALTERAE.

371 2429 465 2536 Quos
493 2462 566 2521 ante
593 2458 650 2521 bos
677 2457 792 2540 oipinti
820 2465 883 2524 tres
909 2424 1013 2525 annos
1040 2459 1263 2535 Giesebrecbtii
1289 2479 1433 2540 meaeque

260 2545 344 2610 uires
376 2543 486 2610 unitae
516 2543 554 2608 in
583 2544 681 2609 lacem
704 2547 899 2627 producere,
934 2548 1082 2614 Annales
1110 2548 1313 2629 Altabeuses,
1348 2569 1433 2612 nunc

260 2633 376 2716 maqis
375 2654 411 2698 ro
441 2634 485 2698 ad
512 2632 641 2696 aethera
670 2639 769 2698 eoeeto
798 2632 947 2716 discipuli
974 2638 1129 2700 secundm
1157 2656 1252 2700 curae
1268 2634 1431 2732 praebent.

262 2724 371 2873 Neque
399 2741 480 2802 oero,
510 2722 594 2802 qnod
620 2722 664 2785 act
691 2741 768 2802 opus
794 2721 978 2787 uuiversum
999 2729 1123 2804 spect,at
1153 2743 1174 2784 a
1189 2721 1298 2804 priori
1320 2720 1433 2786 edendi

262 2809 384 2876 ratione
408 2809 532 2891 lonqins
554 2811 758 2874 recedendum
780 2815 857 2874 erat.

368 2899 456 2963 Nam
492 2919 571 2980 quae
603 2903 646 2962 tot
676 2897 794 2962 tirones
824 2918 863 2962 ac
894 2896 1017 2979 triarii,
1051 2895 1315 2978 Ebrenfencbter,
1349 2850 1431 2979 ¹Kitt,

262 2987 481 3068 Lindner,t
444 2985 626 3068 Steindorff,
654 2986 819 3067 Bressban,
852 2948 1026 3068 Zeissberi,
1058 2987 1095 3050 de
1123 2986 1236 3050 borum
1264 2949 1433 3052 annaliuni

262 3075 384 3156 oriqine
413 3082 442 3139 et
469 3075 566 3157 script
554 3075 672 3140 toribus
704 3036 903 3156 iudicabunt,
940 3075 1058 3139 dudum
1085 3095 1107 3138 a
1140 3072 1369 3140 Gresebreobtio
1397 3075 1433 3141 in

260 3162 420 3246 sinqutari
443 3164 622 3245 quaestione
644 3163 720 3229 libri
742 3163 794 3230 sni
818 3161 1012 3229 ‘Gescbicbte
1035 3164 1091 3228 der
1113 3163 1280 3228 deutschen
1300 3163 1433 3229 Kaisar·

261 3251 330 3316 ceit'
356 3248 424 3333 (II,
442 3275 478 3333 p.
506 3253 697 3336 583—589)
726 3252 868 3331 refutato
889 3272 954 3316 esse
976 3250 1056 3316 mibi
1079 3257 1208 3316 constat.
1259 3251 1340 3318 Cum
1361 3272 1433 3317 oero

260 3340 305 3405 D.
340 3339 497 3405 Bressban
527 3341 726 3422 postulasset,
765 3346 801 3404 nt
838 3339 1011 3405 Staindelic'
1050 3346 1195 3423 excerpta
1232 3340 1434 3407 accuratiora

262 3427 490 3494 Auentinionis
524 3428 777 3494 substituerenms
811 3428 935 3510 illisque
970 3427 1177 3512 amplioribus
1208 3428 1284 3495 baec
1314 3429 1432 3512 sappa-

261 3538 379 3598 remns,
410 3516 484 3582 item
513 3537 623 3581 earnm
651 3537 773 3600 oooam,
808 3516 921 3598 quibus
941 3517 1148 3600 periodorum
1169 3524 1281 3600 partes
1310 3523 1431 3604 eneunt,

262 3605 503 3672 consonantiam
517 3604 758 3686 restitueremus,
782 3625 878 3686 quam
892 3605 1072 3672 Aventinus
1094 3609 1131 3672 de
1153 3605 1316 3672 industria
1333 3613 1432 3671 sustu·

262 3693 366 3758 iisset:
394 3693 536 3759 dnbuaoi
564 3693 698 3774 quidem,
729 3714 807 3758 num
835 3693 951 3759 talibus
980 3696 1145 3760 concedere
1173 3695 1227 3774 fos
1253 3701 1340 3760 esset.
1387 3697 1433 3759 Ac

262 3803 331 3846 enm
359 3781 454 3846 etiam
476 3782 520 3846 D.
545 3781 799 3863 Holder-quer
821 3781 971 3864 pluribus
1000 3782 1076 3848 loeis
1097 3785 1271 3868 probasset,
1301 3805 1340 3850 ea
1367 3805 1432 3849 non

226 3877 232 3890 '
261 3892 326 3935 esse
348 3871 548 3952 nepleqemta,
572 3869 684 3951 annui,
709 3875 774 3934 tum
796 3869 863 3952 ipse
885 3871 961 3936 haec
983 3892 1101 3954 qnoque
1124 3873 1244 3938 curavi.

373 3957 487 4024 Tribus
514 3963 684 4040 praeterea
716 3957 846 4024 minime
879 3961 1143 4042 somersetentem
1169 3961 1293 4044 pectam.
1346 3962 1432 4026 Ante

262 4045 370 4111 omnia
386 4046 529 4128 priorem
544 4045 711 4111 editionem
726 4046 834 4128 codici,
858 4068 949 4129 quem
964 4049 1088 4130 partim
1102 4050 1290 4130 Aventinus,
1308 4048 1432 4131 partim

262 4133 415 4199 librarius
432 4133 499 4200 eius
514 4134 667 4216 enoraoit,
691 4134 805 4200 iterum
820 4135 946 4201 contuli.
993 4138 1047 4203 Ec
1069 4158 1129 4220 qno
1152 4138 1323 4220 coeptans
1345 4157 1432 4202 uoces

255 4223 352 4306 prins
380 4229 436 4288 aut
458 4244 628 4306 perperam
659 4223 815 4306 redditos,
851 4231 907 4290 aut
934 4224 971 4292 in
1000 4227 1092 4292 dubio
1121 4226 1247 4292 relictos
1277 4224 1432 4312 corripere

262 4312 391 4394 licebat,·
425 4311 508 4377 notis
539 4332 658 4395 quoque
686 4315 791 4379 subter
819 4314 954 4380 annales
980 4315 1096 4399 positis
1124 4315 1281 4380 nonnulla
1309 4312 1430 4396 addidi,

261 4419 341 4484 qnae
363 4400 543 4468 Auentinus
570 4401 673 4466 nescio
702 4404 995 4487 unde-deprompta
1022 4403 1059 4469 in
1085 4402 1284 4484 marqinibus
1306 4401 1430 4468 adiecit.
