3270 5028
403 387 584 443 ANNALES
603 389 858 463 ALTAHDNSDS
877 389 1059 446 Marones,
1097 391 1133 448 A.
1147 393 1224 447 1065.
1366 395 1401 448 67

224 571 379 656 pericula
402 571 577 635 latronum
601 576 636 636 et
658 576 837 656 raptorum
853 572 971 636 crebro
987 573 1149 651 incidere,
1173 593 1260 657 quae
1283 577 1403 639 tamen

224 661 290 744 ipsi
319 661 508 744 prudenter
537 661 752 725 declinantes
783 665 818 726 et
849 664 959 739 caute,
990 662 1135 726 tandem
1163 662 1286 727 urbem
1316 662 1402 727 Don-

225 747 573 832 stantinopolitanam
588 751 713 814 adiere.
749 749 829 813 Illic
854 769 935 832 ergo
958 753 1032 813 tam
1054 751 1243 815 honorifice
1267 771 1302 815 sc
1326 770 1401 833 age·

226 835 311 900 bant
340 837 377 899 in
407 837 558 920 0000010,
591 840 632 900 00
661 838 738 921 ipsa
766 857 891 920 graeca
921 842 956 902 et
986 838 1173 921 imperialis
1203 840 1402 922 arrogantia

223 924 369 987 nimium
390 925 575 988 miraretur
597 945 700 1010 super
722 927 787 989 his.
834 925 900 989 Pro
924 945 1050 1009 magno
1075 928 1180 990 etiam
1202 927 1400 1010 spectaculo

223 1013 417 1096 praesulem
433 1011 668 1078 Guntherium
690 1013 875 1077 inhiabant
897 1015 1078 1097 ipsumque
1102 1036 1172 1078 non
1193 1016 1399 1100 episcopum,

224 1102 284 1164 sed
304 1121 421 1184 regem
436 1101 671 1165 Romanorum
693 1123 766 1166 esse
790 1102 987 1179 credebant,
1013 1107 1048 1166 00
1072 1103 1116 1167 ob
1140 1105 1206 1167 hoc
1229 1103 1402 1168 informa

223 1190 374 1273 episcopi
397 1209 432 1253 se
448 1189 657 1268 occultare²,
682 1191 846 1273 quoniam
869 1191 971 1254 aliter
993 1211 1054 1274 per
1076 1190 1139 1254 illa
1161 1211 1268 1274 regna
1291 1192 1401 1275 sepul-

224 1278 345 1340 chrum
369 1277 510 1341 Domini
533 1300 604 1342 non
626 1283 742 1363 posset
766 1279 871 1342 adire.
918 1279 1034 1361 Igitur
1062 1283 1141 1363 post
1171 1279 1303 1362 aliquot
1327 1280 1400 1347 dies

222 1366 303 1428 inde
334 1370 511 1444 exeuntes,
543 1366 741 1449 Aliquiam1
769 1385 893 1430 venere
923 1387 986 1450 per
1014 1368 1126 1431 varias
1156 1369 1334 1450 angustias
1365 1371 1400 1432 et

222 1453 482 1531 tribulationes,
520 1455 809 1537 quemadmodum
843 1455 935 1518 idem
971 1453 1186 1520 Guntherius
1221 1457 1400 1540 episcopus

223 1541 442 1618 manifestat,
477 1562 518 1606 ex
548 1543 668 1606 eodem
698 1543 774 1606 loco
804 1543 897 1606 inter
927 1547 1063 1607 caetera
1093 1543 1244 1608 scribens
1274 1545 1326 1608 ita
1355 1545 1402 1609 ad

223 1649 312 1707 0000,
337 1631 395 1711 qui
412 1631 505 1694 domi
521 1635 634 1694 erant:
661 1631 769 1708 ‘Vera
793 1631 928 1708 fratres,
953 1630 1175 1695 transivimus
1199 1653 1260 1716 per
1276 1652 1401 1714 aquam

223 1720 259 1781 et
282 1719 407 1801 ignem,
440 1722 475 1782 00
503 1721 647 1783 tandem
676 1719 837 1802 perduxit
865 1740 927 1783 nos
950 1719 1120 1783 Dominus
1144 1721 1189 1783 ad
1212 1720 1398 1802 Aliquiam‚

223 1826 326 1888 quam
349 1827 446 1870 sacra
461 1809 632 1891 scriptura
648 1811 891 1871 commemorat
907 1807 1127 1871 Laoditiam.·
1148 1807 1292 1892 Experti
1307 1809 1400 1872 enim

222 1915 339 1958 sumus
351 1895 487 1978 Ungros
500 1897 573 1960 sine
586 1896 653 1960 fide
665 1895 886 1973 famulantes,
895 1895 1079 1978 Vulgarios
1094 1889 1250 1960 occultel‘
1266 1897 1400 1979 rapien-

221 1987 284 2062 tes,
304 1983 457 2066 fugimus
473 1985 582 2048 Uaos2
598 1988 716 2068 aperte
733 1984 976 2060 debachantes,
995 1983 1398 2068 Constantinopolitanos

221 2072 370 2136 vidimus
381 2092 503 2155 graece
521 2076 556 2136 00
571 2070 797 2156 imperialiter
809 2075 1019 2154 arrogantes,
1033 2072 1235 2136 Romanitas
1247 2073 1399 2156 perpessi

222 2180 338 2224 sumus
355 2161 449 2224 ultra
464 2181 601 2224 omnem
617 2162 805 2223 humanam
828 2163 864 2224 et
886 2160 1036 2223 ferinam
1058 2160 1189 2224 rabiem
1213 2161 1397 2242 sevientes3

222 2249 341 2330 gravia
364 2249 503 2330 quidem
526 2249 678 2332 perpessi
702 2268 828 2324 sumus,
857 2249 917 2311 sed
941 2248 1076 2310 adhuc⁰
1104 2249 1261 2330 graviora
1284 2269 1399 2332 super·

223 2335 324 2399 sunt’.
372 2335 459 2400 (ium
483 2356 564 2419 ergo
587 2337 625 2398 in
648 2336 789 2418 Aliquia
815 2339 1033 2399 morarentur
1057 2336 1129 2399 dies
1152 2355 1289 2418 paucos,
1319 2355 1397 2401 0000

221 2423 325 2487 multi
347 2425 531 2488 redeuntes
554 2444 596 2488 ex
611 2423 849 2488 Hierosolimis
866 2426 1032 2506 ceperunt
1048 2442 1225 2487 occurrere
1248 2443 1308 2506 per
1325 2425 1470 2489 (1100000.

222 2511 385 2594 singulos,
400 2513 565 2576 comitum
580 2533 720 2576 suorum
735 2515 862 2576 mortes
878 2513 1075 2575 innumeras
1089 2511 1301 2588 nuntiantes,
1318 2533 1396 2576 suas

222 2603 339 2664 autem
358 2601 573 2664 calamitates
595 2601 791 2665 recentibus
815 2605 850 2664 et
874 2601 1007 2664 0011100ὓ
1029 2601 1181 2664 cruentis
1196 2599 1396 2665 vulneribus

221 2689 510 2767 demonstrantes;
528 2688 666 2773 publice
682 2692 920 2773 protestantur
934 2689 1108 2752 neminem
1122 2687 1294 2772 perillam
1305 2689 1397 2752 viam

220 2797 319 2860 posse
341 2779 499 2855 transire,
531 2779 693 2859 quoniam
716 2778 891 2842 sevissima
914 2796 998 2859 gens
1022 2777 1254 2854 Arabitarum,
1279 2778 1397 2840 huma·

220 2886 305 2927 num
335 2867 453 2930 sitiens
484 2867 702 2948 sanguinem,
733 2886 869 2930 omnem
898 2865 997 2928 illam
1026 2869 1227 2948 occupasset
1255 2867 1395 2928 terram.

222 2951 314 3030 Quid
338 2973 418 3036 ergo
442 2957 594 3036 agerent,
619 2975 687 3035 quo
710 2974 746 3018 00
769 2953 968 3017 verterent?
1002 2953 1098 3016 Inito
1121 2953 1229 3035 igitur
1252 2953 1395 3017 consilio

222 3041 324 3103 010100
355 3041 572 3124 complacuit,
604 3046 712 3105 semet
738 3042 829 3125 ipsos
857 3040 923 3104 sibi
947 3041 1128 3124 abnegare,
1157 3045 1270 3104 totam
1299 3061 1396 3124 spem

222 3148 319 3191 suam
342 3129 379 3191 in
401 3128 551 3192 Domino
574 3149 710 3212 ponere,
739 3130 963 3211 scientesque,
992 3149 1027 3192 se
1051 3129 1122 3192 sive
1144 3129 1299 3194 viventes
1322 3130 1393 3194 sive

221 3217 406 3280 morientes
422 3216 563 3280 Domini
579 3237 661 3293 esse,
687 3216 793 3281 alacri
815 3219 932 3280 mente
954 3236 1016 3301 per
1029 3221 1158 3281 terram
1180 3237 1394 3301 paganorum
1403 3240 1467 3284 000
1475 3241 1508 3291 14,
1517 3241 1538 3283 0.

220 3325 338 3370 versus
369 3305 546 3369 civitatem
575 3308 730 3368 sanctam
760 3308 926 3389 ceperunt
952 3305 1057 3369 abire.
1103 3305 1185 3369 Mox
1213 3306 1321 3388 igitur
1350 3307 1394 3369 ad

222 3395 399 3458 civitatem
429 3394 612 3476 quandam,
644 3414 731 3476 quae
754 3393 900 3477 Tripolis
931 3394 1058 3458 dicitur
1067 3393 1088 3471 ³,
1120 3414 1199 3457 cum
1225 3395 1394 3477 pervenis·

222 3486 308 3558 sent,
339 3485 375 3546 et
405 3483 475 3544 dux
504 3481 565 3546 ille
595 3481 762 3545 barbarus
791 3485 928 3546 tantam
957 3481 1218 3545 multitudinem
1240 3482 1393 3560 vidisset,

116 3643 119 3648 ,
222 3589 361 3652 sperans
391 3591 427 3634 se
455 3570 609 3634 infinitas
637 3571 800 3654 pecunias
829 3571 993 3647 invenire,
1025 3589 1142 3633 omnes
1169 3569 1299 3652 pariter
1322 3590 1394 3633 cru·

222 3656 292 3720 deli
315 3677 395 3721 0000
420 3659 572 3722 decrevit
594 3659 779 3722 trucidare.
827 3658 894 3722 Sed
910 3659 976 3722 hoe
991 3657 1118 3740 iniquis
1133 3657 1392 3736 meditantibus,

222 3745 339 3808 divina
369 3746 554 3830 clementia
581 3746 723 3810 Domini
752 3767 822 3810 non
852 3746 966 3809 defuit
995 3746 1033 3808 in
1063 3765 1099 3809 00
1130 3745 1392 3810 confidentibus.

176 3934 178 3938 Ι
221 3951 391 4000 0000010000,
444 3951 467 3999 b)
481 3953 555 3992 oculte
569 3964 587 3996 c.
641 3955 662 4001 0)
675 3951 734 3992 aduc
747 3964 764 3995 0.

222 4127 248 4194 1)
264 4127 422 4180 0000000001
441 4128 611 4193 (000010ἑο0).
683 4129 712 4196 2)
731 4130 800 4182 Gaas
819 4129 940 4194 Tareica,
960 4144 1042 4196 00000
1059 4129 1108 4180 illc
1125 4130 1184 4196 ipso
1201 4145 1273 4181 0000
1290 4130 1394 4194 Buba

220 4201 294 4250 riam
312 4200 424 4266 imperio
440 4199 592 4264 Byzantina
610 4199 751 4251 subiectam
770 4202 898 4252 10000000
915 4215 946 4250 00
964 4200 1055 4251 omnia
1073 4200 1243 4267 diripientem
1260 4201 1290 4251 in
1305 4199 1395 4252 ibra-

221 4270 290 4320 ciam
302 4276 326 4321 00
337 4270 521 4322 Macedoniam
530 4272 697 4338 prorupr‘sec,
717 4287 750 4324 ar
761 4271 862 4322 Ιο0000
874 4270 1001 4337 80000000,
1020 4272 1149 4338 scriptore
1159 4287 1251 4324 rerum
1263 4271 1394 4337 Byzanti·

220 4355 327 4406 noram,
347 4342 453 4395 seimus.
524 4341 552 4408 3)
573 4341 687 4408 Tripoli.

1144 4444 1179 4501 5*
