3268 5036
255 451 327 508 xlv
517 451 697 508 ANNALES
715 450 969 507 ALTAHENSES
988 450 1170 508 MAIORES.

253 633 363 699 666363
385 632 534 698 adhibere
553 632 735 716 supersedit.
783 633 847 698 Sed
860 631 928 696 ium
942 637 1015 698 aute
1030 631 1235 697 Lambertum
1253 632 1429 712 Wotfderii

253 723 388 786 auuales
420 722 560 788 Attahae
594 743 610 787 6
637 723 769 804 pulvere
802 723 847 786 ad
879 721 978 786 turem
1011 719 1133 785 reducti
1165 725 1195 785 et
1227 742 1249 785 a
1276 723 1428 788 mouaoto

253 812 389 892 quodam
412 809 651 892 diiipeutrssimo
673 808 858 875 mouasterii
881 807 1057 874 eoutiuuati
1079 816 1179 874 eraut.

359 899 507 963 Auaales
521 905 644 963 nostros
658 897 726 962 iam
741 897 815 963 iude
837 897 981 962 ubuum
1001 902 1095 961 1033.
1119 919 1185 962 666
1207 919 1229 961 6
1246 898 1428 977 Woifderio

252 985 384 1068 sumptos
406 1008 480 1068 6336,
508 986 604 1066 faede
626 986 688 1051 sibi
710 985 840 1068 quisque
855 985 1068 1068 persuadebit.
1116 986 1180 1051 Ide
1201 986 1428 1052 mouasterium

252 1075 426 1140 Attaheuse
448 1096 534 1140 armo
559 1079 633 1138 741.
656 1075 828 1154 fundatum
849 1095 914 1139 esse
937 1077 1092 1156 docuerat,
1117 1076 1162 1139 ad
1183 1095 1305 1140 uuaum
1330 1080 1425 1140 1033.

253 1164 388 1228 auuates
416 1162 518 1228 uostri
546 1163 698 1245 referunt,
728 1170 802 1228 tuus
829 1161 1056 1228 mouasterium
1077 1169 1151 1244 post
1174 1168 1247 1227 302.
1278 1162 1426 1242 aedifica·
1492 1224 1496 1232 .

253 1249 349 1316 tiom's
371 1272 494 1316 auuum
515 1250 662 1316 iuoeudio
685 1258 900 1334 consumptum
923 1272 1006 1332 6336,
1028 1257 1137 1316 mutor
1151 1250 1258 1334 ipitur,
1283 1251 1426 1333 quisquis

252 1338 329 1420 fuit,
359 1339 580 1418 fundationem
609 1345 793 1404 6666731.
824 1338 1006 1421 adscripsit,
1037 1342 1074 1404 de
1102 1359 1166 1421 qua
1193 1360 1228 1404 re
1256 1339 1367 1421 optime
1396 1340 1426 1406 ei

252 1448 323 1492 oum
356 1427 560 1492 Heriumuuo
587 1427 760 1510 Aupieusi,
797 1448 867 1494 oum
894 1427 1076 1506 Wotfherio
1109 1427 1239 1493 miuime
1273 1428 1424 1494 oouoeuit.

253 1516 364 1597 Neque
397 1516 534 1598 amplius
568 1515 669 1581 nostri
702 1517 837 1581 auuates
865 1537 935 1582 oum
963 1515 1289 1582 Hildestoeimeusibus
1321 1519 1427 1583 eodem

251 1607 351 1686 modo,
376 1626 436 1687 quo
458 1611 540 1687 auto,
566 1605 770 1686 eouseutiuat,
794 1604 889 1670 immo
911 1625 984 1669 oero
1007 1604 1043 1669 iu
1059 1604 1214 1686 plurimis
1235 1606 1328 1672 rebus
1352 1601 1426 1672 *dis
1437 1620 1470 1669 *6.
1478 1621 1525 1664 us,
1626 1644 1629 1690 3

253 1700 390 1774 orepaut.
452 1693 642 1759 Iuooudium
688 1693 874 1758 mouasterii
915 1692 1102 1757 Attaioeusrs
1149 1693 1251 1758 uostri
1292 1695 1427 1760 auuales

254 1786 284 1845 4.
315 1783 401 1846 Nou.
430 1782 565 1863 Martii,
598 1781 885 1846 Hildestaeimeuses
914 1787 943 1844 6.
974 1781 1053 1844 Kal.
1083 1780 1204 1844 Martii
1231 1781 1424 1848 adsoribuut.

252 1870 347 1934 Mors
362 1869 512 1950 Eraria,
536 1891 632 1951 quam
647 1869 934 1935 Hildesheimeuses
953 1871 998 1933 ad
1011 1889 1134 1934 auuum
1153 1874 1247 1932 1031.
1271 1870 1424 1952 referuut,

252 1956 288 2021 iu
322 1957 439 2022 uostris
470 1957 642 2022 auualibus
675 1959 757 2024 male
790 1960 836 2023 ad
867 1978 989 2022 auuum
1020 1962 1115 2020 1033.
1156 1963 1321 2022 uarratur.
1373 1958 1426 2023 De

257 2044 404 2110 Conrado
427 2045 464 2110 iu
479 2048 587 2111 ducem
607 2047 879 2112 Cariatiauorum
889 2052 1033 2128 promoto
1048 2045 1085 2110 iu
1099 2044 1284 2110 Auuaiibus
1298 2044 1425 2110 Hildes

252 2132 462 2199 heimeusibus
484 2137 528 2198 ad
549 2156 671 2200 auuum
698 2141 792 2199 1036.
815 2141 895 2200 reete
918 2133 1033 2216 apitur,
1062 2133 1099 2198 66
1122 2132 1239 2198 uostris
1254 2153 1426 2215 perperam

252 2224 297 2286 ad
324 2243 446 2286 auuum
472 2229 566 2287 1035.
618 2223 906 2288 Η6666636666666363
934 2223 1081 2288 Auuaies
1109 2225 1154 2287 ad
1181 2242 1303 2287 auuam
1329 2227 1423 2286 1036.

252 2313 290 2376 de
311 2313 430 2394 syuodo
452 2311 595 2394 66666666
614 2311 814 2377 Triburieusi
835 2313 930 2376 uerba
952 2311 1086 2394 fusium,
1111 2310 1212 2377 uestri
1232 2312 1269 2375 de
1283 2309 1426 2392 peuerul‘

253 2399 384 2465 eouoiiio
414 2399 694 2483 Sutipeustadausi.
741 2401 862 2466 Rerum
891 2423 913 2464 a
940 2401 1087 2467 Ouarada
1115 2399 1302 2482 imperatore
1329 2398 1426 2464 auuis

256 2494 351 2552 1037.
375 2495 404 2552 et
427 2494 521 2553 1036.
549 2495 710 2570 postorum
731 2488 833 2554 uostri
854 2490 989 2554 auuates
1011 2491 1108 2555 mutto
1129 2489 1282 2553 maiorem
1305 2487 1426 2569 rapiam

252 2577 367 2641 habeut
388 2597 484 2658 quum
506 2576 801 2657 Hiidesteeimeuses,
831 2576 1015 2658 quibusoam
1042 2579 1138 2642 amito
1166 2576 1273 2640 miuus
1302 2596 1425 2640 666366-

252 2664 343 2746 tium,
373 2686 468 2746 quam
496 2687 565 2730 oum
588 2665 749 2748 deperdita
771 2664 831 2729 iiia
852 2664 995 2746 historia,
1025 2665 1115 2730 ouius
1136 2666 1318 2746 frapmeuta
1340 2664 1428 2744 apud

251 2752 460 2817 Auuaiistam
484 2755 643 2819 Sauousm
665 2759 796 2818 eustaut.
832 2753 1028 2818 Persuasum
1049 2752 1149 2834 ipitar
1170 2752 1276 2832 66066,
1300 2751 1425 2833 scripto-

253 2861 320 2905 rem
347 2841 552 2907 Attatuusem
580 2841 846 2908 ooutiuuatiouem
872 2840 964 2905 iiiam
992 2839 1310 2920 Hildestieimeusem,
1346 2859 1426 2920 quae

253 2928 328 2994 iude
356 2930 395 2993 ab
424 2951 510 2995 6666
536 2937 631 2995 1033.
660 2951 757 3012 usque
785 2932 830 2994 ad
855 2929 985 2994 iuitium
1013 2928 1095 3018 amri
1126 2934 1220 2991 1040.
1256 2927 1395 2992 decurrit
1403 2927 1424 3009 1,

253 3018 501 3100 haudquaquam
533 3018 720 3101 6636666336,
755 3022 811 3084 sed
831 3017 965 3101 proprio
994 3019 1104 3082 Marte
1132 3022 1264 3081 uetustos
1291 3017 1426 3081 auuates

253 3106 438 3171 mouasterii
453 3107 644 3190 produxisse
666 3128 762 3189 usque
785 3101 830 3173 ad
850 3129 910 3172 sua
930 3113 1078 3189 terpora.
1115 3104 1231 3185 Siqua
1246 3106 1290 3168 ad
1304 3126 1426 3168 auuum

256 3200 350 3276 1036,
374 3195 565 3277 praesertim
593 3199 630 3261 de
656 3195 808 3278 episeopis
836 3203 901 3261 tum
928 3194 1075 3276 temporis
1095 3191 1236 3273 mortuis,
1266 3194 1311 3256 ad
1331 3193 1426 3257 66666

253 3283 435 3348 Aumatium
454 3283 775 3349 Hildesheimeusium
789 3283 925 3366 propius
946 3284 1104 3363 aooeduut,
1128 3303 1166 3344 ea
1182 3287 1293 3362 postea
1315 3280 1426 3345 addita

253 3393 317 3437 6336
352 3371 529 3437 eouiioiam.
582 3374 670 3437 Nam
704 3370 970 3438 ooutiuuatiouem
1003 3369 1094 3433 idam
1122 3368 1426 3434 Hildesdeimeusem

252 3459 415 3526 mouadris
437 3460 678 3542 Attaheus'ibus,
709 3482 779 3526 oum
807 3458 987 3525 arctissima
1015 3478 1122 3522 eorum
1150 3456 1326 3522 eouiuuotio
1356 3479 1426 3522 eum

252 3549 381 3614 66666366
396 3548 664 3614 Η66663666666636
686 3548 765 3612 satis
787 3549 915 3630 loupam
937 3554 1055 3627 tempus
1071 3552 1281 3628 permaueret,
1307 3545 1426 3611 diutius

251 3635 393 3718 ipuotam
414 3637 523 3718 fuisse,
547 3635 677 3701 miuime
699 3636 896 3702 crediderim.

210 3796 214 3804 ¹
359 3725 487 3790 Mirum
502 3726 645 3808 proferto
669 3731 721 3806 est,
752 3726 836 3805 quod
862 3723 899 3788 iu
921 3721 1094 3787 auualibus
1116 3721 1234 3786 uostris
1257 3725 1302 3787 ad
1322 3744 1426 3787 66663

190 3885 191 3888 ¹
256 3818 484 3895 1033-1040,
508 3812 652 3895 quamuis
674 3819 818 3877 aeourute
841 3832 892 3875 res
907 3811 1094 3892 6666666666
1116 3813 1296 3893 tradautur,
1320 3817 1425 3876 tameu

252 3922 375 3965 errores
400 3923 522 3984 praees,
545 3899 717 3984 praecipue
745 3898 781 3964 iu
809 3905 981 3980 temporum
1009 3899 1205 3981 defiuitione,
1234 3901 1323 3965 haud
1348 3920 1425 3963 raro

252 3990 535 4070 depreheuduutur.
579 3987 640 4070 Qui
663 4009 733 4052 eum
755 3985 850 4052 etiam
872 3989 916 4051 ad
936 3987 1132 4070 iusequeutes
1155 4009 1258 4072 auuos
1280 4009 1425 4052 666666-

253 4198 279 4266 1)
296 4197 362 4250 Iade
379 4198 414 4248 ab
431 4212 502 4248 auno
515 4198 593 4251 1034.
611 4212 693 4262 usque
710 4197 747 4248 ad
764 4197 843 4262 duom
859 4197 929 4250 haue
940 4199 1161 4250 coutiuuatiauem
1173 4197 1424 4249 Hildesheimeusem

252 4286 269 4320 a
286 4269 437 4334 Wotfherto
455 4269 514 4336 6636
531 4269 659 4335 scriptam
677 4284 738 4335 6336,
765 4269 795 4319 id
813 4270 881 4336 quad
899 4271 955 4320 iam
973 4271 1026 4320 atti
1042 4272 1213 4334 couimeruut,
1240 4268 1310 4318 mihi
1326 4283 1425 4334 quoque

250 4342 308 4391 ueri
324 4341 493 4392 simillimum
510 4340 621 4393 uidetur.
658 4340 763 4392 Multus
780 4346 818 4392 est
835 4347 928 4392 auotor
946 4341 977 4392 de
995 4342 1074 4393 laude
1085 4341 1205 4391 Albuiui
1216 4339 1422 4405 Hersfoldeusis,

250 4412 327 4462 ouius
343 4413 454 4464 uirtutes
470 4411 638 4476 Wolfderius
655 4412 750 4479 ubique
768 4427 870 4464 summo
887 4413 976 4464 studio
993 4413 1113 4465 66660666.
