<?xml version="1.0" encoding="UTF-8"?>
<!DOCTYPE html PUBLIC "-//W3C//DTD XHTML 1.0 Transitional//EN"
    "http://www.w3.org/TR/xhtml1/DTD/xhtml1-transitional.dtd">
<html xmlns="http://www.w3.org/1999/xhtml" xml:lang="en" lang="en">
 <head>
  <title>
</title>
<meta http-equiv="Content-Type" content="text/html;charset=utf-8" />
  <meta name='ocr-system' content='tesseract 3.04.00' />
  <meta name='ocr-capabilities' content='ocr_page ocr_carea ocr_par ocr_line ocrx_word'/>
</head>
<body>
  <div class='ocr_page' id='page_1' title='image "./annalesaltahens00oefegoog_0023.png"; bbox 0 0 3268 5036; ppageno 0'>
   <div class='ocr_carea' id='block_1_1' title="bbox 444 446 1357 505">
    <p class='ocr_par' dir='ltr' id='par_1_1' title="bbox 444 446 1357 505">
     <span class='ocr_line' id='line_1_1' title="bbox 444 446 1357 505; baseline 0.003 -4"><span class='ocrx_word' id='word_1_1' title='bbox 444 447 624 503; x_wconf 83' lang='lat' dir='ltr'>ANNALES</span> <span class='ocrx_word' id='word_1_2' title='bbox 643 446 896 503; x_wconf 76' lang='lat' dir='ltr'>ALTAHENSES</span> <span class='ocrx_word' id='word_1_3' title='bbox 914 447 1095 505; x_wconf 79' lang='lat' dir='ltr'><strong>MAIORES.</strong></span> <span class='ocrx_word' id='word_1_4' title='bbox 1286 451 1357 504; x_wconf 73' lang='lat' dir='ltr'><em>XIX</em></span> 
     </span>
    </p>
   </div>
   <div class='ocr_carea' id='block_1_2' title="bbox 180 629 1360 3724">
    <p class='ocr_par' dir='ltr' id='par_1_2' title="bbox 180 629 1359 1156">
     <span class='ocr_line' id='line_1_2' title="bbox 180 629 1358 713; baseline 0.001 -18"><span class='ocrx_word' id='word_1_5' title='bbox 180 629 303 713; x_wconf 76' lang='lat' dir='ltr'><em>publici</em></span> <span class='ocrx_word' id='word_1_6' title='bbox 330 629 414 696; x_wconf 88' lang='lat' dir='ltr'><em>iuris</em></span> <span class='ocrx_word' id='word_1_7' title='bbox 441 630 567 711; x_wconf 82' lang='lat' dir='ltr'><em>fuceret,</em></span> <span class='ocrx_word' id='word_1_8' title='bbox 598 636 704 695; x_wconf 84' lang='lat' dir='ltr'><em>nostro</em></span> <span class='ocrx_word' id='word_1_9' title='bbox 731 629 885 696; x_wconf 86' lang='lat' dir='ltr'><em>uolumini</em></span> <span class='ocrx_word' id='word_1_10' title='bbox 913 629 1016 696; x_wconf 84' lang='lat' dir='ltr'><em>nescio</em></span> <span class='ocrx_word' id='word_1_11' title='bbox 1043 652 1103 713; x_wconf 80' lang='lat' dir='ltr'><em>quo</em></span> <span class='ocrx_word' id='word_1_12' title='bbox 1126 651 1202 696; x_wconf 87' lang='lat' dir='ltr'><em>cusu</em></span> <span class='ocrx_word' id='word_1_13' title='bbox 1224 631 1358 697; x_wconf 82' lang='lat' dir='ltr'><em>similem</em></span> 
     </span>
     <span class='ocr_line' id='line_1_3' title="bbox 187 718 1358 818; baseline 0.002 -34"><span class='ocrx_word' id='word_1_14' title='bbox 187 739 296 785; x_wconf 91' lang='lat' dir='ltr'><em>curum</em></span> <span class='ocrx_word' id='word_1_15' title='bbox 319 718 479 819; x_wconf 65' lang='lat' dir='ltr'><em>impertire</em></span> <span class='ocrx_word' id='word_1_16' title='bbox 501 718 684 818; x_wconf 73' lang='lat' dir='ltr'><em>supersedit.</em></span> <span class='ocrx_word' id='word_1_17' title='bbox 735 720 801 800; x_wconf 79' lang='lat' dir='ltr'><em>Quo</em></span> <span class='ocrx_word' id='word_1_18' title='bbox 824 719 891 798; x_wconf 84' lang='lat' dir='ltr'><em>foc</em></span> <span class='ocrx_word' id='word_1_19' title='bbox 890 739 944 784; x_wconf 93' lang='lat' dir='ltr'><em>um</em></span> <span class='ocrx_word' id='word_1_20' title='bbox 967 725 1019 801; x_wconf 88' lang='lat' dir='ltr'><em>est,</em></span> <span class='ocrx_word' id='word_1_21' title='bbox 1044 725 1078 784; x_wconf 90' lang='lat' dir='ltr'><em>ut</em></span> <span class='ocrx_word' id='word_1_22' title='bbox 1101 726 1170 784; x_wconf 90' lang='lat' dir='ltr'><em>nost</em></span> <span class='ocrx_word' id='word_1_23' title='bbox 1158 720 1202 784; x_wconf 90' lang='lat' dir='ltr'><em>tri</em></span> <span class='ocrx_word' id='word_1_24' title='bbox 1224 721 1358 786; x_wconf 83' lang='lat' dir='ltr'><em>unnutes</em></span> 
     </span>
     <span class='ocr_line' id='line_1_4' title="bbox 187 770 1357 891; baseline 0.001 -18"><span class='ocrx_word' id='word_1_25' title='bbox 187 807 330 873; x_wconf 87' lang='lat' dir='ltr'><em>denuo</em></span> <span class='ocrx_word' id='word_1_26' title='bbox 315 806 454 872; x_wconf 83' lang='lat' dir='ltr'><em>cmmerit</em></span> <span class='ocrx_word' id='word_1_27' title='bbox 454 829 475 872; x_wconf 90' lang='lat' dir='ltr'><em>o</em></span> <span class='ocrx_word' id='word_1_28' title='bbox 442 807 598 872; x_wconf 86' lang='lat' dir='ltr'><em>tiobt</em></span> <span class='ocrx_word' id='word_1_29' title='bbox 552 828 656 872; x_wconf 82' lang='lat' dir='ltr'><em>corone</em></span> <span class='ocrx_word' id='word_1_30' title='bbox 677 815 898 908; x_wconf 66' lang='lat' dir='ltr'><em>premerentur</em></span> <span class='ocrx_word' id='word_1_31' title='bbox 927 814 955 872; x_wconf 90' lang='lat' dir='ltr'><em>et</em></span> <span class='ocrx_word' id='word_1_32' title='bbox 983 770 1069 873; x_wconf 88' lang='lat' dir='ltr'><em>nime</em></span> <span class='ocrx_word' id='word_1_33' title='bbox 1097 811 1234 891; x_wconf 87' lang='lat' dir='ltr'><em>demum,</em></span> <span class='ocrx_word' id='word_1_34' title='bbox 1265 809 1357 874; x_wconf 86' lang='lat' dir='ltr'><em>octin-</em></span> 
     </span>
     <span class='ocr_line' id='line_1_5' title="bbox 185 895 1358 995; baseline 0.001 -34"><span class='ocrx_word' id='word_1_35' title='bbox 185 896 287 979; x_wconf 69' lang='lat' dir='ltr'><em>uentis</em></span> <span class='ocrx_word' id='word_1_36' title='bbox 309 897 377 976; x_wconf 84' lang='lat' dir='ltr'><em>fere</em></span> <span class='ocrx_word' id='word_1_37' title='bbox 399 895 497 961; x_wconf 84' lang='lat' dir='ltr'><em>aunis</em></span> <span class='ocrx_word' id='word_1_38' title='bbox 512 902 681 978; x_wconf 73' lang='lat' dir='ltr'><em>postquem</em></span> <span class='ocrx_word' id='word_1_39' title='bbox 704 895 813 978; x_wconf 69' lang='lat' dir='ltr'><em>scripti</em></span> <span class='ocrx_word' id='word_1_40' title='bbox 840 903 914 961; x_wconf 88' lang='lat' dir='ltr'><em>sunt</em></span> <span class='ocrx_word' id='word_1_41' title='bbox 913 895 1089 995; x_wconf 68' lang='grc' dir='ltr'><em>,νννννννννννν</em></span> <span class='ocrx_word' id='word_1_42' title='bbox 1117 896 1200 980; x_wconf 75' lang='lat' dir='ltr'><em>typis</em></span> <span class='ocrx_word' id='word_1_43' title='bbox 1228 900 1358 962; x_wconf 90' lang='lat' dir='ltr'><em>mondu-</em></span> 
     </span>
     <span class='ocr_line' id='line_1_6' title="bbox 187 984 1359 1068; baseline 0.003 -22"><span class='ocrx_word' id='word_1_44' title='bbox 187 991 306 1050; x_wconf 89' lang='lat' dir='ltr'><em>rent.ur</em></span> <span class='ocrx_word' id='word_1_45' title='bbox 352 984 489 1050; x_wconf 78' lang='lat' dir='ltr'><em>Posthac</em></span> <span class='ocrx_word' id='word_1_46' title='bbox 511 1005 583 1049; x_wconf 88' lang='lat' dir='ltr'><em>uero</em></span> <span class='ocrx_word' id='word_1_47' title='bbox 600 986 753 1050; x_wconf 78' lang='lat' dir='ltr'><em>mortecto</em></span> <span class='ocrx_word' id='word_1_48' title='bbox 768 984 947 1063; x_wconf 67' lang='lat' dir='ltr'><em>Attumne,</em></span> <span class='ocrx_word' id='word_1_49' title='bbox 972 984 1023 1050; x_wconf 85' lang='lat' dir='ltr'><em>cui</em></span> <span class='ocrx_word' id='word_1_50' title='bbox 1045 985 1188 1050; x_wconf 81' lang='lat' dir='ltr'><em>mommo</em></span> <span class='ocrx_word' id='word_1_51' title='bbox 1210 1008 1248 1050; x_wconf 84' lang='lat' dir='ltr'><em>eu</em></span> <span class='ocrx_word' id='word_1_52' title='bbox 1264 992 1359 1068; x_wconf 77' lang='lat' dir='ltr'><em>porte</em></span> 
     </span>
     <span class='ocr_line' id='line_1_7' title="bbox 188 1036 1359 1156; baseline 0 -18"><span class='ocrx_word' id='word_1_53' title='bbox 188 1074 344 1153; x_wconf 83' lang='lat' dir='ltr'><em>debentur,</em></span> <span class='ocrx_word' id='word_1_54' title='bbox 375 1073 460 1138; x_wconf 88' lang='lat' dir='ltr'><em>locus</em></span> <span class='ocrx_word' id='word_1_55' title='bbox 486 1074 549 1155; x_wconf 82' lang='lat' dir='ltr'><em>itte,</em></span> <span class='ocrx_word' id='word_1_56' title='bbox 580 1093 640 1154; x_wconf 76' lang='lat' dir='ltr'><em>quo</em></span> <span class='ocrx_word' id='word_1_57' title='bbox 669 1072 812 1138; x_wconf 84' lang='lat' dir='ltr'><em>ueedm</em></span> <span class='ocrx_word' id='word_1_58' title='bbox 798 1080 883 1138; x_wconf 85' lang='lat' dir='ltr'><em>enter</em></span> <span class='ocrx_word' id='word_1_59' title='bbox 836 1036 1144 1138; x_wconf 87' lang='lat' dir='ltr'><em>tHcrimunuum</em></span> <span class='ocrx_word' id='word_1_60' title='bbox 1165 1074 1359 1156; x_wconf 79' lang='lat' dir='ltr'><em>Auoiemem</em></span> 
     </span>
    </p>

    <p class='ocr_par' dir='ltr' id='par_1_3' title="bbox 187 1125 1357 1332">
     <span class='ocr_line' id='line_1_8' title="bbox 187 1125 1357 1244; baseline 0.003 -19.165"><span class='ocrx_word' id='word_1_61' title='bbox 187 1162 451 1226; x_wconf 84' lang='lat' dir='ltr'><em>etLumbertum</em></span> <span class='ocrx_word' id='word_1_62' title='bbox 485 1125 743 1242; x_wconf 81' lang='lat' dir='ltr'><em>Heisfeldenscm</em></span> <span class='ocrx_word' id='word_1_63' title='bbox 779 1161 887 1226; x_wconf 85' lang='lat' dir='ltr'><em>multis</em></span> <span class='ocrx_word' id='word_1_64' title='bbox 920 1161 1100 1227; x_wconf 84' lang='lat' dir='ltr'><em>nominibus</em></span> <span class='ocrx_word' id='word_1_65' title='bbox 1135 1162 1250 1244; x_wconf 71' lang='lat' dir='ltr'><em>dionus</em></span> <span class='ocrx_word' id='word_1_66' title='bbox 1283 1162 1349 1227; x_wconf 88' lang='grc' dir='ltr'><em>εεν1</em></span> <span class='ocrx_word' id='word_1_67' title='bbox 1349 1214 1357 1244; x_wconf 89' lang='grc'>,</span> 
     </span>
     <span class='ocr_line' id='line_1_9' title="bbox 187 1249 745 1332; baseline 0 -18"><span class='ocrx_word' id='word_1_68' title='bbox 187 1270 351 1331; x_wconf 75' lang='lat' dir='ltr'><em>nunquam</em></span> <span class='ocrx_word' id='word_1_69' title='bbox 366 1249 511 1331; x_wconf 75' lang='lat' dir='ltr'><em>profecto</em></span> <span class='ocrx_word' id='word_1_70' title='bbox 534 1250 745 1332; x_wconf 72' lang='lat' dir='ltr'><em>deneyubitur.</em></span> 
     </span>
    </p>

    <p class='ocr_par' dir='ltr' id='par_1_4' title="bbox 180 1337 1360 3191">
     <span class='ocr_line' id='line_1_10' title="bbox 294 1337 1357 1421; baseline -0.001 -18"><span class='ocrx_word' id='word_1_71' title='bbox 294 1337 412 1419; x_wconf 81' lang='lat' dir='ltr'><em>Restat,</em></span> <span class='ocrx_word' id='word_1_72' title='bbox 441 1345 476 1402; x_wconf 90' lang='lat' dir='ltr'><em>ut</em></span> <span class='ocrx_word' id='word_1_73' title='bbox 504 1341 541 1403; x_wconf 92' lang='lat' dir='ltr'><em>de</em></span> <span class='ocrx_word' id='word_1_74' title='bbox 569 1338 717 1404; x_wconf 87' lang='lat' dir='ltr'><em>editionis</em></span> <span class='ocrx_word' id='word_1_75' title='bbox 744 1345 870 1405; x_wconf 90' lang='lat' dir='ltr'><em>nostroe</em></span> <span class='ocrx_word' id='word_1_76' title='bbox 896 1339 1020 1404; x_wconf 91' lang='lat' dir='ltr'><em>rutione</em></span> <span class='ocrx_word' id='word_1_77' title='bbox 1041 1360 1151 1421; x_wconf 81' lang='lat' dir='ltr'><em>pauco</em></span> <span class='ocrx_word' id='word_1_78' title='bbox 1173 1339 1357 1421; x_wconf 75' lang='lat' dir='ltr'><em>odiunyum.</em></span> 
     </span>
     <span class='ocr_line' id='line_1_11' title="bbox 192 1425 1357 1510; baseline 0 -18"><span class='ocrx_word' id='word_1_79' title='bbox 192 1425 334 1508; x_wconf 80' lang='lat' dir='ltr'><em>Constet,</em></span> <span class='ocrx_word' id='word_1_80' title='bbox 364 1427 560 1491; x_wconf 88' lang='lat' dir='ltr'><em>Auentinum</em></span> <span class='ocrx_word' id='word_1_81' title='bbox 588 1428 719 1491; x_wconf 88' lang='lat' dir='ltr'><em>eundem</em></span> <span class='ocrx_word' id='word_1_82' title='bbox 748 1427 881 1492; x_wconf 77' lang='lat' dir='ltr'><em>codicem</em></span> <span class='ocrx_word' id='word_1_83' title='bbox 910 1427 1115 1492; x_wconf 77' lang='lat' dir='ltr'><em>Altuhensem</em></span> <span class='ocrx_word' id='word_1_84' title='bbox 1149 1427 1357 1510; x_wconf 65' lang='lat' dir='ltr'><em>desmuuusse,</em></span> 
     </span>
     <span class='ocr_line' id='line_1_12' title="bbox 187 1514 1359 1598; baseline 0.001 -18"><span class='ocrx_word' id='word_1_85' title='bbox 187 1515 242 1597; x_wconf 82' lang='lat' dir='ltr'><em>qui</em></span> <span class='ocrx_word' id='word_1_86' title='bbox 268 1515 306 1579; x_wconf 90' lang='lat' dir='ltr'><em>in</em></span> <span class='ocrx_word' id='word_1_87' title='bbox 336 1514 507 1580; x_wconf 81' lang='lat' dir='ltr'><em>Stuindetii</em></span> <span class='ocrx_word' id='word_1_88' title='bbox 534 1536 633 1579; x_wconf 90' lang='lat' dir='ltr'><em>munu</em></span> <span class='ocrx_word' id='word_1_89' title='bbox 661 1514 781 1597; x_wconf 83' lang='lat' dir='ltr'><em>fueret,</em></span> <span class='ocrx_word' id='word_1_90' title='bbox 817 1518 873 1580; x_wconf 88' lang='lat' dir='ltr'><em>sed</em></span> <span class='ocrx_word' id='word_1_91' title='bbox 899 1516 1072 1598; x_wconf 76' lang='lat' dir='ltr'><em>coemptum</em></span> <span class='ocrx_word' id='word_1_92' title='bbox 1098 1523 1264 1597; x_wconf 83' lang='lat' dir='ltr'><em>uetustum,</em></span> <span class='ocrx_word' id='word_1_93' title='bbox 1294 1537 1359 1581; x_wconf 93' lang='lat' dir='ltr'><em>non</em></span> 
     </span>
     <span class='ocr_line' id='line_1_13' title="bbox 187 1603 1359 1687; baseline 0 -20"><span class='ocrx_word' id='word_1_94' title='bbox 187 1603 417 1687; x_wconf 70' lang='lat' dir='ltr'><em>uutoyromieum</em></span> <span class='ocrx_word' id='word_1_95' title='bbox 431 1603 594 1686; x_wconf 52' lang='lat' dir='ltr'><em>susciteris</em></span> <span class='ocrx_word' id='word_1_96' title='bbox 609 1603 718 1685; x_wconf 81' lang='lat' dir='ltr'><em>fuisse,</em></span> <span class='ocrx_word' id='word_1_97' title='bbox 742 1623 781 1668; x_wconf 84' lang='lat' dir='ltr'><em>en</em></span> <span class='ocrx_word' id='word_1_98' title='bbox 796 1624 830 1668; x_wconf 93' lang='lat' dir='ltr'><em>eo</em></span> <span class='ocrx_word' id='word_1_99' title='bbox 846 1603 1011 1685; x_wconf 68' lang='lat' dir='ltr'><em>colliditur,</em></span> <span class='ocrx_word' id='word_1_100' title='bbox 1036 1607 1119 1685; x_wconf 77' lang='lat' dir='ltr'><em>quod</em></span> <span class='ocrx_word' id='word_1_101' title='bbox 1140 1607 1227 1686; x_wconf 75' lang='lat' dir='ltr'><em>opud</em></span> <span class='ocrx_word' id='word_1_102' title='bbox 1242 1611 1359 1670; x_wconf 90' lang='lat' dir='ltr'><em>utrum-</em></span> 
     </span>
     <span class='ocr_line' id='line_1_14' title="bbox 187 1691 1360 1775; baseline 0 -18"><span class='ocrx_word' id='word_1_103' title='bbox 187 1713 245 1774; x_wconf 82' lang='lat' dir='ltr'><em>que</em></span> <span class='ocrx_word' id='word_1_104' title='bbox 272 1694 388 1757; x_wconf 90' lang='lat' dir='ltr'><em>mendo</em></span> <span class='ocrx_word' id='word_1_105' title='bbox 416 1693 699 1775; x_wconf 76' lang='lat' dir='ltr'><em>deprehenduntur,</em></span> <span class='ocrx_word' id='word_1_106' title='bbox 735 1713 815 1774; x_wconf 79' lang='lat' dir='ltr'><em>quue</em></span> <span class='ocrx_word' id='word_1_107' title='bbox 847 1691 989 1774; x_wconf 82' lang='lat' dir='ltr'><em>librarii,</em></span> <span class='ocrx_word' id='word_1_108' title='bbox 1024 1714 1091 1758; x_wconf 93' lang='lat' dir='ltr'><em>uon</em></span> <span class='ocrx_word' id='word_1_109' title='bbox 1124 1692 1262 1758; x_wconf 84' lang='lat' dir='ltr'><em>ductoris</em></span> <span class='ocrx_word' id='word_1_110' title='bbox 1295 1714 1360 1757; x_wconf 89' lang='lat' dir='ltr'><em>esse</em></span> 
     </span>
     <span class='ocr_line' id='line_1_15' title="bbox 187 1780 1358 1863; baseline -0.001 -17"><span class='ocrx_word' id='word_1_111' title='bbox 187 1782 313 1847; x_wconf 71' lang='lat' dir='ltr'><em>sonum.</em></span> <span class='ocrx_word' id='word_1_112' title='bbox 362 1782 432 1846; x_wconf 90' lang='lat' dir='ltr'><em>Nos</em></span> <span class='ocrx_word' id='word_1_113' title='bbox 459 1781 603 1863; x_wconf 67' lang='lat' dir='ltr'><em>reticiose</em></span> <span class='ocrx_word' id='word_1_114' title='bbox 630 1781 785 1846; x_wconf 84' lang='lat' dir='ltr'><em>Auentini</em></span> <span class='ocrx_word' id='word_1_115' title='bbox 811 1781 944 1862; x_wconf 71' lang='lat' dir='ltr'><em>oestiuio</em></span> <span class='ocrx_word' id='word_1_116' title='bbox 972 1781 1106 1863; x_wconf 80' lang='lat' dir='ltr'><em>sequuti,</em></span> <span class='ocrx_word' id='word_1_117' title='bbox 1138 1780 1358 1862; x_wconf 82' lang='lat' dir='ltr'><em>Stoindetium</em></span> 
     </span>
     <span class='ocr_line' id='line_1_16' title="bbox 187 1869 1358 1953; baseline -0.001 -18"><span class='ocrx_word' id='word_1_118' title='bbox 187 1870 242 1952; x_wconf 78' lang='lat' dir='ltr'><em>qui</em></span> <span class='ocrx_word' id='word_1_119' title='bbox 264 1870 390 1953; x_wconf 77' lang='lat' dir='ltr'><em>saepius</em></span> <span class='ocrx_word' id='word_1_120' title='bbox 411 1871 507 1934; x_wconf 85' lang='lat' dir='ltr'><em>uerbo</em></span> <span class='ocrx_word' id='word_1_121' title='bbox 529 1891 568 1935; x_wconf 87' lang='lat' dir='ltr'><em>en</em></span> <span class='ocrx_word' id='word_1_122' title='bbox 590 1891 646 1935; x_wconf 89' lang='lat' dir='ltr'><em>suo</em></span> <span class='ocrx_word' id='word_1_123' title='bbox 670 1869 803 1936; x_wconf 84' lang='lat' dir='ltr'><em>arbitrio</em></span> <span class='ocrx_word' id='word_1_124' title='bbox 831 1869 977 1950; x_wconf 81' lang='lat' dir='ltr'><em>mutauit,</em></span> <span class='ocrx_word' id='word_1_125' title='bbox 1007 1872 1098 1935; x_wconf 90' lang='lat' dir='ltr'><em>modo</em></span> <span class='ocrx_word' id='word_1_126' title='bbox 1126 1869 1329 1936; x_wconf 77' lang='lat' dir='ltr'><em>adhibuimus</em></span> <span class='ocrx_word' id='word_1_127' title='bbox 1337 1871 1358 1950; x_wconf 83' lang='lat'><em>³,</em></span> 
     </span>
     <span class='ocr_line' id='line_1_17' title="bbox 187 1957 1360 2041; baseline -0.002 -17"><span class='ocrx_word' id='word_1_128' title='bbox 187 1965 222 2024; x_wconf 89' lang='lat' dir='ltr'><em>ut</em></span> <span class='ocrx_word' id='word_1_129' title='bbox 244 1965 300 2024; x_wconf 90' lang='lat' dir='ltr'><em>out</em></span> <span class='ocrx_word' id='word_1_130' title='bbox 323 1959 403 2024; x_wconf 83' lang='lat' dir='ltr'><em>iocos</em></span> <span class='ocrx_word' id='word_1_131' title='bbox 418 1961 506 2040; x_wconf 75' lang='lat' dir='ltr'><em>omnd</em></span> <span class='ocrx_word' id='word_1_132' title='bbox 519 1958 714 2023; x_wconf 86' lang='lat' dir='ltr'><em>Auentinum</em></span> <span class='ocrx_word' id='word_1_133' title='bbox 737 1965 897 2041; x_wconf 79' lang='lat' dir='ltr'><em>corruptos</em></span> <span class='ocrx_word' id='word_1_134' title='bbox 916 1957 1141 2040; x_wconf 69' lang='lat' dir='ltr'><em>eorrioeremus</em></span> <span class='ocrx_word' id='word_1_135' title='bbox 1164 1963 1219 2022; x_wconf 87' lang='lat' dir='ltr'><em>out</em></span> <span class='ocrx_word' id='word_1_136' title='bbox 1242 1957 1360 2039; x_wconf 66' lang='lat' dir='ltr'><em>uirouot</em></span> 
     </span>
     <span class='ocr_line' id='line_1_18' title="bbox 187 2046 1358 2130; baseline -0.003 -18"><span class='ocrx_word' id='word_1_137' title='bbox 187 2069 274 2114; x_wconf 89' lang='lat' dir='ltr'><em>ooccs</em></span> <span class='ocrx_word' id='word_1_138' title='bbox 307 2046 344 2112; x_wconf 94' lang='lat' dir='ltr'><em>in</em></span> <span class='ocrx_word' id='word_1_139' title='bbox 378 2047 479 2112; x_wconf 85' lang='lat' dir='ltr'><em>attero</em></span> <span class='ocrx_word' id='word_1_140' title='bbox 506 2054 601 2129; x_wconf 73' lang='lat' dir='ltr'><em>purte</em></span> <span class='ocrx_word' id='word_1_141' title='bbox 635 2047 803 2112; x_wconf 85' lang='lat' dir='ltr'><em>onnutium</em></span> <span class='ocrx_word' id='word_1_142' title='bbox 837 2048 877 2111; x_wconf 86' lang='lat' dir='ltr'><em>ub</em></span> <span class='ocrx_word' id='word_1_143' title='bbox 907 2068 941 2111; x_wconf 93' lang='lat' dir='ltr'><em>eo</em></span> <span class='ocrx_word' id='word_1_144' title='bbox 970 2047 1103 2111; x_wconf 88' lang='lat' dir='ltr'><em>omissus</em></span> <span class='ocrx_word' id='word_1_145' title='bbox 1136 2046 1358 2130; x_wconf 76' lang='lat' dir='ltr'><em>suppleremus.</em></span> 
     </span>
     <span class='ocr_line' id='line_1_19' title="bbox 194 2134 1359 2218; baseline -0.003 -16"><span class='ocrx_word' id='word_1_146' title='bbox 194 2137 297 2217; x_wconf 81' lang='lat' dir='ltr'><em>Usque</em></span> <span class='ocrx_word' id='word_1_147' title='bbox 326 2138 370 2200; x_wconf 91' lang='lat' dir='ltr'><em>ud</em></span> <span class='ocrx_word' id='word_1_148' title='bbox 396 2157 519 2200; x_wconf 90' lang='lat' dir='ltr'><em>onuum</em></span> <span class='ocrx_word' id='word_1_149' title='bbox 543 2141 617 2200; x_wconf 84' lang='grc'>896.</span> <span class='ocrx_word' id='word_1_150' title='bbox 647 2135 730 2200; x_wconf 74' lang='lat' dir='ltr'><em>nituit</em></span> <span class='ocrx_word' id='word_1_151' title='bbox 757 2135 823 2200; x_wconf 86' lang='lat' dir='ltr'><em>nisi</em></span> <span class='ocrx_word' id='word_1_152' title='bbox 847 2134 1002 2200; x_wconf 86' lang='lat' dir='ltr'><em>Auentini</em></span> <span class='ocrx_word' id='word_1_153' title='bbox 1029 2141 1173 2218; x_wconf 72' lang='lat' dir='ltr'><em>excerpto</em></span> <span class='ocrx_word' id='word_1_154' title='bbox 1194 2134 1359 2216; x_wconf 79' lang='lat' dir='ltr'><em>proposui-</em></span> 
     </span>
     <span class='ocr_line' id='line_1_20' title="bbox 187 2223 1358 2306; baseline -0.003 -16"><span class='ocrx_word' id='word_1_155' title='bbox 187 2226 286 2290; x_wconf 76' lang='lat' dir='ltr'><em>mus4.</em></span> <span class='ocrx_word' id='word_1_156' title='bbox 332 2223 492 2290; x_wconf 78' lang='lat' dir='ltr'><em>Mediocri</em></span> <span class='ocrx_word' id='word_1_157' title='bbox 520 2223 642 2306; x_wconf 76' lang='lat' dir='ltr'><em>ucyotio</em></span> <span class='ocrx_word' id='word_1_158' title='bbox 671 2224 748 2288; x_wconf 80' lang='lat' dir='ltr'><em>hoec</em></span> <span class='ocrx_word' id='word_1_159' title='bbox 775 2230 919 2305; x_wconf 76' lang='lat' dir='ltr'><em>exceptu</em></span> <span class='ocrx_word' id='word_1_160' title='bbox 946 2223 1135 2304; x_wconf 71' lang='lat' dir='ltr'><em>fruyunutis</em></span> <span class='ocrx_word' id='word_1_161' title='bbox 1162 2223 1358 2305; x_wconf 76' lang='lat' dir='ltr'><em>quibusdum,</em></span> 
     </span>
     <span class='ocr_line' id='line_1_21' title="bbox 187 2310 1360 2395; baseline -0.002 -17"><span class='ocrx_word' id='word_1_162' title='bbox 187 2313 348 2395; x_wconf 80' lang='lat' dir='ltr'><em>quonium</em></span> <span class='ocrx_word' id='word_1_163' title='bbox 368 2312 523 2395; x_wconf 73' lang='lat' dir='ltr'><em>Georyius</em></span> <span class='ocrx_word' id='word_1_164' title='bbox 541 2311 649 2378; x_wconf 85' lang='lat' dir='ltr'><em>Wuite</em></span> <span class='ocrx_word' id='word_1_165' title='bbox 668 2313 704 2377; x_wconf 89' lang='lat' dir='ltr'><em>V.</em></span> <span class='ocrx_word' id='word_1_166' title='bbox 726 2311 774 2377; x_wconf 80' lang='lat' dir='ltr'><em>Oi.</em></span> <span class='ocrx_word' id='word_1_167' title='bbox 790 2333 829 2376; x_wconf 83' lang='lat' dir='ltr'><em>eu</em></span> <span class='ocrx_word' id='word_1_168' title='bbox 845 2310 1020 2376; x_wconf 79' lang='lat' dir='ltr'><em>Stuiudetio</em></span> <span class='ocrx_word' id='word_1_169' title='bbox 1036 2311 1226 2392; x_wconf 65' lang='lat' dir='ltr'><em>cocuntur,</em></span> <span class='ocrx_word' id='word_1_170' title='bbox 1248 2311 1360 2393; x_wconf 76' lang='lat' dir='ltr'><em>ouyeri</em></span> 
     </span>
     <span class='ocr_line' id='line_1_22' title="bbox 180 2398 1360 2484; baseline -0.002 -18"><span class='ocrx_word' id='word_1_171' title='bbox 180 2407 338 2484; x_wconf 75' lang='lat' dir='ltr'><em>poterunt,</em></span> <span class='ocrx_word' id='word_1_172' title='bbox 368 2403 423 2466; x_wconf 88' lang='lat' dir='ltr'><em>sed</em></span> <span class='ocrx_word' id='word_1_173' title='bbox 450 2421 530 2482; x_wconf 78' lang='lat' dir='ltr'><em>quoe</em></span> <span class='ocrx_word' id='word_1_174' title='bbox 557 2401 603 2466; x_wconf 91' lang='lat' dir='ltr'><em>sic</em></span> <span class='ocrx_word' id='word_1_175' title='bbox 631 2400 731 2465; x_wconf 85' lang='lat' dir='ltr'><em>uitato</em></span> <span class='ocrx_word' id='word_1_176' title='bbox 759 2407 867 2480; x_wconf 87' lang='lat' dir='ltr'><em>essent,</em></span> <span class='ocrx_word' id='word_1_177' title='bbox 898 2399 964 2463; x_wconf 90' lang='lat' dir='ltr'><em>ium</em></span> <span class='ocrx_word' id='word_1_178' title='bbox 992 2399 1122 2464; x_wconf 83' lang='lat' dir='ltr'><em>aliunde</em></span> <span class='ocrx_word' id='word_1_179' title='bbox 1150 2398 1262 2464; x_wconf 78' lang='lat' dir='ltr'><em>unctius</em></span> <span class='ocrx_word' id='word_1_180' title='bbox 1285 2405 1360 2464; x_wconf 89' lang='lat' dir='ltr'><em>noto</em></span> 
     </span>
     <span class='ocr_line' id='line_1_23' title="bbox 187 2487 1358 2572; baseline -0.003 -17"><span class='ocrx_word' id='word_1_181' title='bbox 187 2497 269 2572; x_wconf 81' lang='lat' dir='ltr'><em>suut,</em></span> <span class='ocrx_word' id='word_1_182' title='bbox 294 2511 331 2556; x_wconf 91' lang='lat' dir='ltr'><em>oe</em></span> <span class='ocrx_word' id='word_1_183' title='bbox 354 2511 393 2556; x_wconf 91' lang='lat' dir='ltr'><em>ne</em></span> <span class='ocrx_word' id='word_1_184' title='bbox 415 2489 582 2572; x_wconf 73' lang='lat' dir='ltr'><em>intecritus</em></span> <span class='ocrx_word' id='word_1_185' title='bbox 605 2488 729 2571; x_wconf 70' lang='lat' dir='ltr'><em>uiridem</em></span> <span class='ocrx_word' id='word_1_186' title='bbox 751 2487 920 2554; x_wconf 84' lang='lat' dir='ltr'><em>onuuiium</em></span> <span class='ocrx_word' id='word_1_187' title='bbox 938 2488 994 2554; x_wconf 79' lang='lat' dir='ltr'><em>hoe</em></span> <span class='ocrx_word' id='word_1_188' title='bbox 1009 2490 1099 2553; x_wconf 93' lang='lat' dir='ltr'><em>modo</em></span> <span class='ocrx_word' id='word_1_189' title='bbox 1114 2487 1257 2552; x_wconf 87' lang='lat' dir='ltr'><em>restituto</em></span> <span class='ocrx_word' id='word_1_190' title='bbox 1272 2494 1358 2552; x_wconf 88' lang='lat' dir='ltr'><em>esset.</em></span> 
     </span>
     <span class='ocr_line' id='line_1_24' title="bbox 194 2575 1359 2661; baseline -0.003 -17"><span class='ocrx_word' id='word_1_191' title='bbox 194 2580 250 2644; x_wconf 87' lang='lat' dir='ltr'><em>Vct</em></span> <span class='ocrx_word' id='word_1_192' title='bbox 272 2578 309 2644; x_wconf 93' lang='lat' dir='ltr'><em>in</em></span> <span class='ocrx_word' id='word_1_193' title='bbox 331 2580 423 2645; x_wconf 84' lang='lat' dir='ltr'><em>rebus</em></span> <span class='ocrx_word' id='word_1_194' title='bbox 445 2600 524 2661; x_wconf 81' lang='lat' dir='ltr'><em>quus</em></span> <span class='ocrx_word' id='word_1_195' title='bbox 546 2584 658 2644; x_wconf 92' lang='lat' dir='ltr'><em>oocunt</em></span> <span class='ocrx_word' id='word_1_196' title='bbox 680 2576 930 2661; x_wconf 70' lang='lat' dir='ltr'><em>orthoqropieicr&#39;s</em></span> <span class='ocrx_word' id='word_1_197' title='bbox 952 2576 1142 2658; x_wconf 57' lang='lat' dir='ltr'><em>scripturum</em></span> <span class='ocrx_word' id='word_1_198' title='bbox 1163 2576 1210 2640; x_wconf 88' lang='lat' dir='ltr'><em>ito</em></span> <span class='ocrx_word' id='word_1_199' title='bbox 1230 2575 1359 2641; x_wconf 88' lang='lat' dir='ltr'><em>retinui·</em></span> 
     </span>
     <span class='ocr_line' id='line_1_25' title="bbox 186 2665 1360 2752; baseline -0.003 -19"><span class='ocrx_word' id='word_1_200' title='bbox 186 2690 271 2750; x_wconf 88' lang='lat' dir='ltr'><em>mus,</em></span> <span class='ocrx_word' id='word_1_201' title='bbox 306 2675 341 2733; x_wconf 92' lang='lat' dir='ltr'><em>ut</em></span> <span class='ocrx_word' id='word_1_202' title='bbox 373 2667 410 2732; x_wconf 93' lang='lat' dir='ltr'><em>in</em></span> <span class='ocrx_word' id='word_1_203' title='bbox 443 2667 613 2752; x_wconf 70' lang='lat' dir='ltr'><em>furrooine</em></span> <span class='ocrx_word' id='word_1_204' title='bbox 639 2665 861 2732; x_wconf 84' lang='lat' dir='ltr'><em>Auentiniunu</em></span> <span class='ocrx_word' id='word_1_205' title='bbox 894 2685 1120 2748; x_wconf 68' lang='lat' dir='ltr'><em>renueremus.</em></span> <span class='ocrx_word' id='word_1_206' title='bbox 1168 2666 1256 2730; x_wconf 90' lang='lat' dir='ltr'><em>Nom</em></span> <span class='ocrx_word' id='word_1_207' title='bbox 1290 2686 1360 2730; x_wconf 92' lang='lat' dir='ltr'><em>cum</em></span> 
     </span>
     <span class='ocr_line' id='line_1_26' title="bbox 186 2753 1358 2837; baseline -0.002 -16"><span class='ocrx_word' id='word_1_208' title='bbox 186 2757 382 2822; x_wconf 86' lang='lat' dir='ltr'><em>Auentinum</em></span> <span class='ocrx_word' id='word_1_209' title='bbox 410 2756 528 2822; x_wconf 86' lang='lat' dir='ltr'><em>eteius</em></span> <span class='ocrx_word' id='word_1_210' title='bbox 551 2755 728 2837; x_wconf 83' lang='lat' dir='ltr'><em>librarium,</em></span> <span class='ocrx_word' id='word_1_211' title='bbox 758 2776 948 2837; x_wconf 77' lang='lat' dir='ltr'><em>quemquem</em></span> <span class='ocrx_word' id='word_1_212' title='bbox 975 2754 1133 2820; x_wconf 89' lang='lat' dir='ltr'><em>interdum</em></span> <span class='ocrx_word' id='word_1_213' title='bbox 1162 2753 1358 2834; x_wconf 83' lang='lat' dir='ltr'><em>occiderent,</em></span> 
     </span>
     <span class='ocr_line' id='line_1_27' title="bbox 186 2842 1357 2926; baseline -0.002 -17"><span class='ocrx_word' id='word_1_214' title='bbox 186 2852 292 2910; x_wconf 89' lang='lat' dir='ltr'><em>tumen</em></span> <span class='ocrx_word' id='word_1_215' title='bbox 324 2852 460 2910; x_wconf 86' lang='lat' dir='ltr'><em>uetustae</em></span> <span class='ocrx_word' id='word_1_216' title='bbox 493 2844 652 2911; x_wconf 83' lang='lat' dir='ltr'><em>scribendi</em></span> <span class='ocrx_word' id='word_1_217' title='bbox 684 2844 805 2909; x_wconf 83' lang='lat' dir='ltr'><em>rationi</em></span> <span class='ocrx_word' id='word_1_218' title='bbox 837 2843 1023 2926; x_wconf 72' lang='lat' dir='ltr'><em>pierumque</em></span> <span class='ocrx_word' id='word_1_219' title='bbox 1057 2842 1212 2908; x_wconf 74' lang='lat' dir='ltr'><em>studuisse</em></span> <span class='ocrx_word' id='word_1_220' title='bbox 1238 2848 1357 2925; x_wconf 76' lang='lat' dir='ltr'><em>potent,</em></span> 
     </span>
     <span class='ocr_line' id='line_1_28' title="bbox 187 2929 1360 3014; baseline -0.001 -17"><span class='ocrx_word' id='word_1_221' title='bbox 187 2933 287 2998; x_wconf 87' lang='lat' dir='ltr'><em>sotius</em></span> <span class='ocrx_word' id='word_1_222' title='bbox 302 2934 392 2998; x_wconf 80' lang='lat' dir='ltr'><em>nobis</em></span> <span class='ocrx_word' id='word_1_223' title='bbox 406 2933 577 3014; x_wconf 81' lang='lat' dir='ltr'><em>uidebatur,</em></span> <span class='ocrx_word' id='word_1_224' title='bbox 595 2953 716 3014; x_wconf 77' lang='lat' dir='ltr'><em>purum</em></span> <span class='ocrx_word' id='word_1_225' title='bbox 730 2938 861 3013; x_wconf 85' lang='lat' dir='ltr'><em>mutere,</em></span> <span class='ocrx_word' id='word_1_226' title='bbox 885 2953 981 3012; x_wconf 80' lang='lat' dir='ltr'><em>quom</em></span> <span class='ocrx_word' id='word_1_227' title='bbox 997 2931 1140 2996; x_wconf 92' lang='lat' dir='ltr'><em>nimium.</em></span> <span class='ocrx_word' id='word_1_228' title='bbox 1188 2932 1233 2996; x_wconf 93' lang='lat' dir='ltr'><em>In</em></span> <span class='ocrx_word' id='word_1_229' title='bbox 1248 2929 1360 3012; x_wconf 76' lang='lat' dir='ltr'><em>quitus</em></span> 
     </span>
     <span class='ocr_line' id='line_1_29' title="bbox 187 2984 1359 3148; baseline 0 -64"><span class='ocrx_word' id='word_1_230' title='bbox 187 3022 278 3120; x_wconf 81' lang='lat' dir='ltr'><em>rebus</em></span> <span class='ocrx_word' id='word_1_231' title='bbox 300 3022 330 3086; x_wconf 94' lang='lat' dir='ltr'><em>si</em></span> <span class='ocrx_word' id='word_1_232' title='bbox 352 3022 430 3102; x_wconf 78' lang='lat' dir='ltr'><em>quid</em></span> <span class='ocrx_word' id='word_1_233' title='bbox 452 3021 652 3102; x_wconf 75' lang='lat' dir='ltr'><em>correximus,</em></span> <span class='ocrx_word' id='word_1_234' title='bbox 682 3027 827 3148; x_wconf 50' lang='lat' dir='ltr'><em>accurate</em></span> <span class='ocrx_word' id='word_1_235' title='bbox 852 2984 985 3085; x_wconf 79' lang='lat' dir='ltr'><em>itdnotut</em></span> <span class='ocrx_word' id='word_1_236' title='bbox 940 3027 1039 3086; x_wconf 89' lang='lat' dir='ltr'><em>tutum</em></span> <span class='ocrx_word' id='word_1_237' title='bbox 1061 3027 1106 3084; x_wconf 88' lang='lat' dir='ltr'><em>est</em></span> <span class='ocrx_word' id='word_1_238' title='bbox 1120 3026 1250 3103; x_wconf 77' lang='lat' dir='ltr'><em>praeter</em></span> <span class='ocrx_word' id='word_1_239' title='bbox 1203 3019 1359 3085; x_wconf 87' lang='lat' dir='ltr'><em>tteuis-</em></span> 
     </span>
     <span class='ocr_line' id='line_1_30' title="bbox 187 3107 1257 3208; baseline 0 -35"><span class='ocrx_word' id='word_1_240' title='bbox 187 3107 269 3174; x_wconf 91' lang='lat' dir='ltr'><em>simu</em></span> <span class='ocrx_word' id='word_1_241' title='bbox 292 3111 447 3191; x_wconf 79' lang='lat' dir='ltr'><em>quaedum</em></span> <span class='ocrx_word' id='word_1_242' title='bbox 469 3107 598 3174; x_wconf 78' lang='lat' dir='ltr'><em>librarii</em></span> <span class='ocrx_word' id='word_1_243' title='bbox 571 3115 745 3208; x_wconf 35' lang='lat' dir='ltr'><em>rpe&#39;ccutu</em></span> <span class='ocrx_word' id='word_1_244' title='bbox 754 3110 879 3191; x_wconf 51' lang='lat' dir='ltr'><em>{quoe</em></span> <span class='ocrx_word' id='word_1_245' title='bbox 902 3108 993 3174; x_wconf 86' lang='lat' dir='ltr'><em>toeite</em></span> <span class='ocrx_word' id='word_1_246' title='bbox 965 3108 1257 3174; x_wconf 87' lang='lat' dir='ltr'><em>temenduuimns.</em></span> 
     </span>
    </p>

    <p class='ocr_par' dir='ltr' id='par_1_5' title="bbox 186 3196 1360 3724">
     <span class='ocr_line' id='line_1_31' title="bbox 293 3196 1359 3279; baseline -0.001 -16"><span class='ocrx_word' id='word_1_247' title='bbox 293 3196 479 3263; x_wconf 79' lang='lat' dir='ltr'><em>Minoribus</em></span> <span class='ocrx_word' id='word_1_248' title='bbox 507 3196 660 3262; x_wconf 87' lang='lat' dir='ltr'><em>titteris</em></span> <span class='ocrx_word' id='word_1_249' title='bbox 646 3217 800 3278; x_wconf 74' lang='lat' dir='ltr'><em>impressu</em></span> <span class='ocrx_word' id='word_1_250' title='bbox 829 3204 917 3279; x_wconf 80' lang='lat' dir='ltr'><em>sunt,</em></span> <span class='ocrx_word' id='word_1_251' title='bbox 953 3218 1032 3279; x_wconf 76' lang='lat' dir='ltr'><em>quoe</em></span> <span class='ocrx_word' id='word_1_252' title='bbox 1065 3196 1102 3262; x_wconf 89' lang='lat' dir='ltr'><em>in</em></span> <span class='ocrx_word' id='word_1_253' title='bbox 1130 3197 1240 3279; x_wconf 75' lang='lat' dir='ltr'><em>priore</em></span> <span class='ocrx_word' id='word_1_254' title='bbox 1264 3203 1359 3278; x_wconf 76' lang='lat' dir='ltr'><em>purte</em></span> 
     </span>
     <span class='ocr_line' id='line_1_32' title="bbox 186 3284 1358 3367; baseline -0.003 -16"><span class='ocrx_word' id='word_1_255' title='bbox 186 3285 369 3353; x_wconf 80' lang='lat' dir='ltr'><em>Annalium</em></span> <span class='ocrx_word' id='word_1_256' title='bbox 395 3285 597 3366; x_wconf 78' lang='lat' dir='ltr'><em>Wotfteerius</em></span> <span class='ocrx_word' id='word_1_257' title='bbox 628 3306 666 3351; x_wconf 86' lang='lat' dir='ltr'><em>ere</em></span> <span class='ocrx_word' id='word_1_258' title='bbox 694 3285 879 3351; x_wconf 80' lang='lat' dir='ltr'><em>Annalibus</em></span> <span class='ocrx_word' id='word_1_259' title='bbox 906 3285 1199 3367; x_wconf 84' lang='lat' dir='ltr'><em>Hersfetdensibns,</em></span> <span class='ocrx_word' id='word_1_260' title='bbox 1232 3284 1349 3350; x_wconf 87' lang='lat' dir='ltr'><em>Hitdes</em></span> <span class='ocrx_word' id='word_1_261' title='bbox 1295 3287 1358 3350; x_wconf 87' lang='lat' dir='ltr'><em>des-</em></span> 
     </span>
     <span class='ocr_line' id='line_1_33' title="bbox 187 3371 1360 3457; baseline -0.004 -16"><span class='ocrx_word' id='word_1_262' title='bbox 187 3375 404 3457; x_wconf 81' lang='lat' dir='ltr'><em>ieeimeusibus,</em></span> <span class='ocrx_word' id='word_1_263' title='bbox 428 3373 655 3440; x_wconf 84' lang='lat' dir='ltr'><em>Atumonnicis</em></span> <span class='ocrx_word' id='word_1_264' title='bbox 669 3379 829 3439; x_wconf 79' lang='lat' dir='ltr'><em>mutuatus</em></span> <span class='ocrx_word' id='word_1_265' title='bbox 844 3381 897 3456; x_wconf 82' lang='lat' dir='ltr'><em>est,</em></span> <span class='ocrx_word' id='word_1_266' title='bbox 921 3377 1027 3455; x_wconf 80' lang='lat' dir='ltr'><em>quood</em></span> <span class='ocrx_word' id='word_1_267' title='bbox 1047 3374 1176 3440; x_wconf 87' lang='lat' dir='ltr'><em>otiunde</em></span> <span class='ocrx_word' id='word_1_268' title='bbox 1199 3374 1276 3438; x_wconf 81' lang='lat' dir='ltr'><em>hoec</em></span> <span class='ocrx_word' id='word_1_269' title='bbox 1293 3371 1360 3437; x_wconf 90' lang='lat' dir='ltr'><em>ium</em></span> 
     </span>
     <span class='ocr_line' id='line_1_34' title="bbox 186 3461 1360 3542; baseline -0.002 -14"><span class='ocrx_word' id='word_1_270' title='bbox 186 3464 400 3530; x_wconf 88' lang='lat' dir='ltr'><em>innotuerunt.</em></span> <span class='ocrx_word' id='word_1_271' title='bbox 450 3463 515 3530; x_wconf 83' lang='lat' dir='ltr'><em>Ubi</em></span> <span class='ocrx_word' id='word_1_272' title='bbox 537 3462 738 3542; x_wconf 79' lang='lat' dir='ltr'><em>Wotftterius</em></span> <span class='ocrx_word' id='word_1_273' title='bbox 761 3483 831 3528; x_wconf 92' lang='lat' dir='ltr'><em>cum</em></span> <span class='ocrx_word' id='word_1_274' title='bbox 853 3462 1037 3529; x_wconf 80' lang='lat' dir='ltr'><em>Annalibus</em></span> <span class='ocrx_word' id='word_1_275' title='bbox 1060 3461 1289 3527; x_wconf 79' lang='lat' dir='ltr'><em>Iuouuensibus</em></span> <span class='ocrx_word' id='word_1_276' title='bbox 1311 3462 1360 3526; x_wconf 86' lang='lat' dir='ltr'><em>oet</em></span> 
     </span>
     <span class='ocr_line' id='line_1_35' title="bbox 187 3549 1360 3634; baseline -0.002 -16"><span class='ocrx_word' id='word_1_277' title='bbox 187 3551 469 3619; x_wconf 82' lang='lat' dir='ltr'><em>Rotisboneusibus</em></span> <span class='ocrx_word' id='word_1_278' title='bbox 491 3558 520 3616; x_wconf 93' lang='lat' dir='ltr'><em>et</em></span> <span class='ocrx_word' id='word_1_279' title='bbox 542 3572 612 3618; x_wconf 87' lang='lat' dir='ltr'><em>cum</em></span> <span class='ocrx_word' id='word_1_280' title='bbox 626 3552 795 3616; x_wconf 84' lang='lat' dir='ltr'><em>Lornberto</em></span> <span class='ocrx_word' id='word_1_281' title='bbox 810 3551 970 3634; x_wconf 80' lang='lat' dir='ltr'><em>consentit,</em></span> <span class='ocrx_word' id='word_1_282' title='bbox 994 3551 1132 3616; x_wconf 87' lang='lat' dir='ltr'><em>minores</em></span> <span class='ocrx_word' id='word_1_283' title='bbox 1151 3549 1272 3615; x_wconf 85' lang='lat' dir='ltr'><em>titterus</em></span> <span class='ocrx_word' id='word_1_284' title='bbox 1294 3571 1360 3616; x_wconf 93' lang='lat' dir='ltr'><em>uon</em></span> 
     </span>
     <span class='ocr_line' id='line_1_36' title="bbox 187 3638 1359 3724; baseline -0.001 -19"><span class='ocrx_word' id='word_1_285' title='bbox 187 3641 382 3724; x_wconf 80' lang='lat' dir='ltr'><em>admisimus,</em></span> <span class='ocrx_word' id='word_1_286' title='bbox 412 3639 489 3722; x_wconf 77' lang='lat' dir='ltr'><em>quio</em></span> <span class='ocrx_word' id='word_1_287' title='bbox 518 3662 583 3708; x_wconf 92' lang='lat' dir='ltr'><em>non</em></span> <span class='ocrx_word' id='word_1_288' title='bbox 609 3638 646 3704; x_wconf 90' lang='lat' dir='ltr'><em>iu</em></span> <span class='ocrx_word' id='word_1_289' title='bbox 668 3646 775 3723; x_wconf 73' lang='lat' dir='ltr'><em>omerto</em></span> <span class='ocrx_word' id='word_1_290' title='bbox 798 3646 851 3716; x_wconf 87' lang='lat' dir='ltr'><em>est,</em></span> <span class='ocrx_word' id='word_1_291' title='bbox 879 3642 962 3705; x_wconf 91' lang='lat' dir='ltr'><em>unde</em></span> <span class='ocrx_word' id='word_1_292' title='bbox 984 3638 1166 3704; x_wconf 86' lang='lat' dir='ltr'><em>Boourieus</em></span> <span class='ocrx_word' id='word_1_293' title='bbox 1187 3659 1238 3703; x_wconf 90' lang='lat' dir='ltr'><em>rcs</em></span> <span class='ocrx_word' id='word_1_294' title='bbox 1260 3639 1359 3719; x_wconf 83' lang='lat' dir='ltr'><em>Wolf·</em></span> 
     </span>
    </p>
   </div>
   <div class='ocr_carea' id='block_1_3' title="bbox 186 3848 1397 4485">
    <p class='ocr_par' dir='ltr' id='par_1_6' title="bbox 186 3848 1397 4485">
     <span class='ocr_line' id='line_1_37' title="bbox 188 3848 1397 3918; baseline -0.008 -12"><span class='ocrx_word' id='word_1_295' title='bbox 188 3850 215 3918; x_wconf 83' lang='lat'><em>1)</em></span> <span class='ocrx_word' id='word_1_296' title='bbox 233 3851 274 3915; x_wconf 81' lang='lat' dir='ltr'><em>Cf.</em></span> <span class='ocrx_word' id='word_1_297' title='bbox 293 3852 438 3903; x_wconf 75' lang='lat' dir='ltr'><em>oratiorum</em></span> <span class='ocrx_word' id='word_1_298' title='bbox 456 3867 541 3903; x_wconf 86' lang='lat' dir='ltr'><em>meam</em></span> <span class='ocrx_word' id='word_1_299' title='bbox 558 3851 750 3902; x_wconf 76' lang='lat' dir='ltr'><em>medemtcom:</em></span> <span class='ocrx_word' id='word_1_300' title='bbox 770 3849 863 3902; x_wconf 84' lang='lat' dir='ltr'><em>‘Ueber</em></span> <span class='ocrx_word' id='word_1_301' title='bbox 880 3851 965 3915; x_wconf 75' lang='lat' dir='ltr'><em>einiqe</em></span> <span class='ocrx_word' id='word_1_302' title='bbox 983 3849 1065 3902; x_wconf 80' lang='lat' dir='ltr'><em>ditem</em></span> <span class='ocrx_word' id='word_1_303' title='bbox 1083 3848 1292 3915; x_wconf 75' lang='lat' dir='ltr'><em>Darsteltunqcn</em></span> <span class='ocrx_word' id='word_1_304' title='bbox 1309 3851 1358 3902; x_wconf 82' lang='lat' dir='ltr'><em>der·</em></span> <span class='ocrx_word' id='word_1_305' title='bbox 1392 3888 1397 3896; x_wconf 95' lang='lat'>.</span> 
     </span>
     <span class='ocr_line' id='line_1_38' title="bbox 187 3917 1358 3989; baseline -0.002 -15"><span class='ocrx_word' id='word_1_306' title='bbox 187 3922 325 3974; x_wconf 81' lang='lat' dir='ltr'><em>deutschen</em></span> <span class='ocrx_word' id='word_1_307' title='bbox 342 3922 503 3973; x_wconf 81' lang='lat' dir='ltr'><em>Kotecrzctt’</em></span> <span class='ocrx_word' id='word_1_308' title='bbox 521 3921 668 3987; x_wconf 77' lang='lat' dir='ltr'><em>(Mdnchen</em></span> <span class='ocrx_word' id='word_1_309' title='bbox 687 3921 778 3985; x_wconf 86' lang='grc'>1867).</span> <span class='ocrx_word' id='word_1_310' title='bbox 859 3921 887 3989; x_wconf 87' lang='grc'><em>2)</em></span> <span class='ocrx_word' id='word_1_311' title='bbox 903 3918 998 3974; x_wconf 82' lang='lat' dir='ltr'><em>Luzioi</em></span> <span class='ocrx_word' id='word_1_312' title='bbox 1013 3936 1066 3988; x_wconf 80' lang='lat' dir='ltr'><em>pro</em></span> <span class='ocrx_word' id='word_1_313' title='bbox 1084 3917 1184 3972; x_wconf 80' lang='lat' dir='ltr'><em>Liutizi</em></span> <span class='ocrx_word' id='word_1_314' title='bbox 1201 3921 1239 3972; x_wconf 85' lang='lat' dir='ltr'><em>od</em></span> <span class='ocrx_word' id='word_1_315' title='bbox 1255 3936 1358 3972; x_wconf 82' lang='lat' dir='ltr'><em>cunum</em></span> 
     </span>
     <span class='ocr_line' id='line_1_39' title="bbox 188 3991 1358 4060; baseline -0.004 -12"><span class='ocrx_word' id='word_1_316' title='bbox 188 3995 266 4060; x_wconf 91' lang='grc'>1031,</span> <span class='ocrx_word' id='word_1_317' title='bbox 287 3991 413 4045; x_wconf 76' lang='lat' dir='ltr'><em>Tusciam</em></span> <span class='ocrx_word' id='word_1_318' title='bbox 429 4008 483 4059; x_wconf 78' lang='lat' dir='ltr'><em>pro</em></span> <span class='ocrx_word' id='word_1_319' title='bbox 494 3991 605 4044; x_wconf 80' lang='lat' dir='ltr'><em>Troiam</em></span> <span class='ocrx_word' id='word_1_320' title='bbox 623 3993 661 4044; x_wconf 86' lang='lat' dir='ltr'><em>od</em></span> <span class='ocrx_word' id='word_1_321' title='bbox 671 4007 774 4043; x_wconf 84' lang='lat' dir='ltr'><em>eunnm</em></span> <span class='ocrx_word' id='word_1_322' title='bbox 787 3993 865 4047; x_wconf 89' lang='grc'>1038.</span> <span class='ocrx_word' id='word_1_323' title='bbox 877 3998 922 4046; x_wconf 84' lang='lat' dir='ltr'><em>en.</em></span> <span class='ocrx_word' id='word_1_324' title='bbox 994 3992 1022 4059; x_wconf 87' lang='lat'><em>3)</em></span> <span class='ocrx_word' id='word_1_325' title='bbox 1033 3991 1179 4044; x_wconf 68' lang='lat' dir='ltr'><em>euinceret</em></span> <span class='ocrx_word' id='word_1_326' title='bbox 1188 3991 1358 4059; x_wconf 68' lang='lat' dir='ltr'><em>outoyropho</em></span> 
     </span>
     <span class='ocr_line' id='line_1_40' title="bbox 187 4063 1356 4130; baseline -0.001 -14"><span class='ocrx_word' id='word_1_327' title='bbox 187 4066 231 4129; x_wconf 79' lang='lat' dir='ltr'><em>(in</em></span> <span class='ocrx_word' id='word_1_328' title='bbox 249 4065 310 4118; x_wconf 78' lang='lat' dir='ltr'><em>ciet.</em></span> <span class='ocrx_word' id='word_1_329' title='bbox 328 4066 405 4129; x_wconf 66' lang='lat' dir='ltr'><em>renio</em></span> <span class='ocrx_word' id='word_1_330' title='bbox 423 4064 577 4115; x_wconf 78' lang='lat' dir='ltr'><em>Moneecnsr&#39;</em></span> <span class='ocrx_word' id='word_1_331' title='bbox 592 4064 647 4117; x_wconf 86' lang='lat' dir='ltr'><em>eod.</em></span> <span class='ocrx_word' id='word_1_332' title='bbox 665 4063 727 4117; x_wconf 78' lang='lat' dir='ltr'><em>Lat.</em></span> <span class='ocrx_word' id='word_1_333' title='bbox 741 4063 815 4130; x_wconf 86' lang='grc'>732),</span> <span class='ocrx_word' id='word_1_334' title='bbox 838 4078 891 4115; x_wconf 85' lang='lat' dir='ltr'><em>non</em></span> <span class='ocrx_word' id='word_1_335' title='bbox 908 4063 1020 4116; x_wconf 81' lang='lat' dir='ltr'><em>editione</em></span> <span class='ocrx_word' id='word_1_336' title='bbox 1040 4063 1176 4126; x_wconf 82' lang='lat' dir='ltr'><em>Oefeliuuo</em></span> <span class='ocrx_word' id='word_1_337' title='bbox 1194 4064 1240 4115; x_wconf 78' lang='grc' dir='ltr'><em>ννεν</em></span> <span class='ocrx_word' id='word_1_338' title='bbox 1256 4079 1356 4115; x_wconf 75' lang='lat' dir='ltr'><em>summ.</em></span> 
     </span>
     <span class='ocr_line' id='line_1_41' title="bbox 186 4134 1357 4218; baseline -0.003 -29"><span class='ocrx_word' id='word_1_339' title='bbox 186 4134 214 4202; x_wconf 84' lang='lat'><em>4)</em></span> <span class='ocrx_word' id='word_1_340' title='bbox 231 4137 321 4186; x_wconf 79' lang='lat' dir='ltr'><em>Nimis</em></span> <span class='ocrx_word' id='word_1_341' title='bbox 339 4136 464 4187; x_wconf 84' lang='lat' dir='ltr'><em>obscures</em></span> <span class='ocrx_word' id='word_1_342' title='bbox 481 4140 557 4186; x_wconf 82' lang='lat' dir='ltr'><em>notos</em></span> <span class='ocrx_word' id='word_1_343' title='bbox 575 4135 737 4186; x_wconf 82' lang='lat' dir='ltr'><em>Aventini</em></span> <span class='ocrx_word' id='word_1_344' title='bbox 724 4151 755 4186; x_wconf 89' lang='lat' dir='ltr'><em>m</em></span> <span class='ocrx_word' id='word_1_345' title='bbox 778 4134 929 4202; x_wconf 73' lang='lat' dir='ltr'><em>hudperto</em></span> <span class='ocrx_word' id='word_1_346' title='bbox 953 4134 1093 4218; x_wconf 77' lang='lat' dir='ltr'><em>atiqneties</em></span> <span class='ocrx_word' id='word_1_347' title='bbox 1116 4149 1149 4186; x_wconf 78' lang='lat' dir='ltr'><em>eu</em></span> <span class='ocrx_word' id='word_1_348' title='bbox 1173 4135 1357 4186; x_wconf 77' lang='lat' dir='ltr'><em>vetustissimis</em></span> 
     </span>
     <span class='ocr_line' id='line_1_42' title="bbox 187 4205 1356 4290; baseline 0.001 -33"><span class='ocrx_word' id='word_1_349' title='bbox 187 4207 345 4272; x_wconf 73' lang='lat' dir='ltr'><em>iuuentus,</em></span> <span class='ocrx_word' id='word_1_350' title='bbox 381 4221 445 4276; x_wconf 80' lang='lat' dir='ltr'><em>quos</em></span> <span class='ocrx_word' id='word_1_351' title='bbox 471 4205 530 4256; x_wconf 88' lang='lat' dir='ltr'><em>Wot</em></span> <span class='ocrx_word' id='word_1_352' title='bbox 529 4205 639 4268; x_wconf 71' lang='lat' dir='ltr'><em>fierine</em></span> <span class='ocrx_word' id='word_1_353' title='bbox 669 4211 793 4272; x_wconf 79' lang='lat' dir='ltr'><em>sequutus</em></span> <span class='ocrx_word' id='word_1_354' title='bbox 826 4212 899 4272; x_wconf 88' lang='lat' dir='ltr'><em>erut,</em></span> <span class='ocrx_word' id='word_1_355' title='bbox 930 4207 1025 4272; x_wconf 78' lang='lat' dir='ltr'><em>paneis</em></span> <span class='ocrx_word' id='word_1_356' title='bbox 1058 4205 1143 4257; x_wconf 77' lang='grc' dir='ltr'><em>εεννίε</em></span> <span class='ocrx_word' id='word_1_357' title='bbox 1169 4205 1356 4290; x_wconf 75' lang='lat' dir='ltr'><em>supplevimus.</em></span> 
     </span>
     <span class='ocr_line' id='line_1_43' title="bbox 187 4275 1357 4361; baseline -0.003 -31"><span class='ocrx_word' id='word_1_358' title='bbox 187 4276 215 4343; x_wconf 77' lang='lat'><em>5)</em></span> <span class='ocrx_word' id='word_1_359' title='bbox 233 4277 422 4343; x_wconf 72' lang='lat' dir='ltr'><em>‘Gottinye&#39;sctee</em></span> <span class='ocrx_word' id='word_1_360' title='bbox 438 4275 488 4342; x_wconf 71' lang='lat' dir='ltr'><em>cel.</em></span> <span class='ocrx_word' id='word_1_361' title='bbox 507 4276 651 4361; x_wconf 57' lang='lat' dir='ltr'><em>Anneium</em></span> <span class='ocrx_word' id='word_1_362' title='bbox 670 4277 748 4342; x_wconf 87' lang='grc'>1842,</span> <span class='ocrx_word' id='word_1_363' title='bbox 765 4295 793 4343; x_wconf 83' lang='lat' dir='ltr'><em>p.</em></span> <span class='ocrx_word' id='word_1_364' title='bbox 806 4276 957 4331; x_wconf 86' lang='grc'>388-388</span> <span class='ocrx_word' id='word_1_365' title='bbox 1030 4275 1057 4344; x_wconf 84' lang='grc'><em>8)</em></span> <span class='ocrx_word' id='word_1_366' title='bbox 1074 4277 1231 4343; x_wconf 78' lang='lat' dir='ltr'><em>Plerumque</em></span> <span class='ocrx_word' id='word_1_367' title='bbox 1248 4277 1357 4343; x_wconf 81' lang='lat' dir='ltr'><em>scripsit</em></span> 
     </span>
     <span class='ocr_line' id='line_1_44' title="bbox 187 4343 1358 4470; baseline -0.001 -71"><span class='ocrx_word' id='word_1_368' title='bbox 187 4347 329 4470; x_wconf 59' lang='lat' dir='ltr'><em>nuniiiii’</em></span> <span class='ocrx_word' id='word_1_369' title='bbox 297 4355 329 4413; x_wconf 80' lang='lat' dir='ltr'><em>ct,</em></span> <span class='ocrx_word' id='word_1_370' title='bbox 355 4349 460 4400; x_wconf 78' lang='lat' dir='ltr'><em>litterae</em></span> <span class='ocrx_word' id='word_1_371' title='bbox 478 4363 494 4400; x_wconf 85' lang='lat' dir='ltr'><em>o</em></span> <span class='ocrx_word' id='word_1_372' title='bbox 511 4349 601 4399; x_wconf 82' lang='lat' dir='ltr'><em>ott</em></span> <span class='ocrx_word' id='word_1_373' title='bbox 588 4364 619 4399; x_wconf 77' lang='lat' dir='ltr'><em>en</em></span> <span class='ocrx_word' id='word_1_374' title='bbox 642 4348 727 4400; x_wconf 78' lang='lat' dir='ltr'><em>coetu</em></span> <span class='ocrx_word' id='word_1_375' title='bbox 749 4354 846 4400; x_wconf 83' lang='lat' dir='ltr'><em>oetrsto</em></span> <span class='ocrx_word' id='word_1_376' title='bbox 864 4363 917 4398; x_wconf 85' lang='lat' dir='ltr'><em>non</em></span> <span class='ocrx_word' id='word_1_377' title='bbox 935 4347 994 4400; x_wconf 81' lang='lat' dir='ltr'><em>bene</em></span> <span class='ocrx_word' id='word_1_378' title='bbox 1011 4348 1187 4414; x_wconf 67' lang='lat' dir='ltr'><em>distinetione,</em></span> <span class='ocrx_word' id='word_1_379' title='bbox 1207 4343 1358 4413; x_wconf 77' lang='lat' dir='ltr'><em>Frentiam,</em></span> 
     </span>
     <span class='ocr_line' id='line_1_45' title="bbox 186 4417 413 4485; baseline 0.005 -15"><span class='ocrx_word' id='word_1_380' title='bbox 186 4434 242 4485; x_wconf 85' lang='lat' dir='ltr'><em>pon</em></span> <span class='ocrx_word' id='word_1_381' title='bbox 284 4417 350 4470; x_wconf 79' lang='lat' dir='ltr'><em>tium</em></span> <span class='ocrx_word' id='word_1_382' title='bbox 368 4425 413 4473; x_wconf 84' lang='lat' dir='ltr'><em>cte</em></span> 
     </span>
    </p>
   </div>
   <div class='ocr_carea' id='block_1_4' title="bbox 0 0 1640 5036">
    <p class='ocr_par' dir='ltr' id='par_1_7' title="bbox 0 0 1640 5036">
     <span class='ocr_line' id='line_1_46' title="bbox 0 0 1640 5036; baseline 0 0"><span class='ocrx_word' id='word_1_383' title='bbox 0 0 1640 5036; x_wconf 95' lang='lat' dir='ltr'><em> </em></span> 
     </span>
    </p>
   </div>
  </div>
 </body>
</html>
