3268 5036
255 414 290 466 14
390 408 569 464 ANNALES
587 407 841 465 aasumensi
860 409 1041 466 Mlloaas
1077 410 1112 464 A.
1132 414 1282 468 eva-982.

254 615 340 676 grue
362 592 579 657 videbantur.
627 591 726 672 Quod
750 594 1000 676 imperatorem,
1031 598 1071 658 ut
1102 594 1243 666 audivit,
1275 595 1425 658 multum

254 683 371 758 movit,
402 685 437 746 et
461 702 538 746 cum
561 681 785 746 festinatione
809 701 925 746 omnes
948 683 1036 746 vires
1059 683 1156 765 regni
1180 683 1233 747 sui
1257 684 1424 748 coaduna-

253 772 304 835 vit
334 775 370 835 et
398 771 574 835 insecutus
604 773 677 834 est·
711 791 790 834 eum
819 790 927 853 usque
964 771 1008 834 ad
1042 770 1185 835 fluvium
1213 766 1357 855 Ligerab
1389 776 1425 837 et

253 879 361 942 usque
384 860 428 923 ad
451 859 697 923 monesterium
720 859 831 922 sancti
855 858 1012 936 Dionisii‚
1044 863 1080 923 61
1109 880 1188 924 eum
1216 882 1286 924 non
1309 881 1425 944 appre-

254 949 387 1023 hendit,
416 948 497 1030 quia
523 946 690 1030 fugiendo
714 948 822 1010 evasit
833 947 854 1008 1.
900 947 1108 1013 Revertente
1132 952 1248 1013 antem
1272 951 1424 1014 exercitu

254 1041 396 1102 ventum
420 1041 472 1100 est
496 1037 540 1099 ad
562 1035 706 1098 fluvium
729 1036 854 1112 Asna²,
879 1039 915 1100 et
937 1037 1161 1101 transvadato
1183 1037 1289 1101 fluvio
1313 1042 1426 1102 castra

254 1145 406 1210 posuere,
439 1128 474 1188 et
503 1123 633 1188 relictis
663 1125 699 1186 in
729 1124 798 1187 alia
827 1125 903 1206 ripa
932 1124 1083 1189 fluminis
1107 1125 1316 1190 victualibus
1347 1148 1425 1190 cum

254 1213 416 1299 plaustris
440 1216 476 1276 et
499 1213 630 1276 sarucia
654 1216 689 1276 et
712 1231 799 1295 pene
822 1213 980 1276 omnibns
1008 1213 1224 1291 utensilibus,
1256 1236 1343 1298 quae
1373 1236 1424 1279 ex-

255 1303 377 1367 ercitui
411 1305 510 1366 erant
543 1302 749 1378 necessaria,
786 1305 822 1370 et
851 1321 929 1366 ecce
959 1306 1100 1386 repente
1131 1303 1195 1366 filii
1223 1304 1425 1387 Reginharii

255 1412 333 1455 cum
353 1391 505 1454 exercitu
519 1390 609 1472 regis
625 1389 782 1454 Lotharii
806 1389 980 1454 irruerunt
1005 1395 1041 1455 et
1065 1392 1192 1455 multos
1216 1411 1257 1456 ex
1280 1394 1425 1457 custodi-

255 1480 318 1544 bus
342 1479 551 1555 occiderunt,
581 1482 616 1542 et
643 1478 805 1562 quicquid
828 1499 944 1542 secum
967 1484 1141 1563 asportare
1164 1485 1326 1564 poterant
1349 1483 1424 1545 diri·

254 1569 405 1653 piebant,
430 1568 579 1632 multum
603 1569 767 1631 damnum
791 1568 955 1631 exercitui
978 1569 1166 1633 inferentes
1176 1570 1197 1631 ³.

150 1661 262 1735 11111.Ι
299 1723 305 1735 .
361 1656 421 1709 979.
458 1650 608 1704 Infidelitas
631 1649 748 1705 Gerania
773 1649 879 1732 conatis
903 1667 953 1719 per
970 1649 1136 1706 Waldonem
1164 1653 1327 1721 publicatur,
1352 1653 1425 1706 unde

255 1741 307 1793 rpsr
325 1722 520 1794 Magadaburc‚
539 1739 622 1790 grave
641 1721 763 1775 duellum
782 1724 982 1790 mterserentes,
1002 1723 1082 1775 ambo
1101 1723 1314 1791 procubuerunt.

89 1789 246 1831 [md-¹¹⁰³·
361 1798 422 1851 980.
457 1792 613 1862 Imperator
625 1791 698 1847 Otdo
710 1792 819 1845 iuniore
836 1793 957 1860 perrexit
976 1792 1252 1864 adLangobardiam.
1279 1794 1425 1848 Letharius

151 1840 303 1948 A‘unstred
328 1882 390 1918 enm
405 1864 701 1946 'magnismuneribus
727 1863 761 1916 ad
784 1863 978 1931 imperatorem
996 1865 1073 1918 venit
1090 1881 1202 1933 seseque
1220 1883 1283 1920 cum
1301 1865 1358 1919 filio
1376 1883 1425 1919 suo

147 2021 173 2063 Α.
181 2020 246 2062 flers.
254 1940 422 2062 mperaggrp.
430 1934 625 2074 ⁸ullllldlldertus
637 2003 899 2074 Magadaburgensis
912 2004 1131 2076 archiepiscopus
1143 2007 1219 2075 obiit,
1236 2007 1281 2061 cni
1297 2008 1426 2062 successit
1436 2017 1471 2066 *n
1481 2020 1531 2060 vae.

255 2094 425 2150 Gisilharius.
461 2082 655 2165 Imperator
677 2081 794 2145 natale
819 2080 948 2145 Christi
970 2083 1099 2148 Romae
1124 2083 1311 2148 celebravit
1320 2085 1342 2145 ⁴.

216 2181 245 2222 11.
361 2169 422 2223 982.
457 2165 619 2219 Destructus
635 2169 676 2219 est
688 2164 859 2234 episcopatus
872 2164 900 2216 in
913 2163 1074 2233 Mersiburc‚
1094 2170 1122 2220 et
1140 2166 1236 2220 eodem
1256 2185 1327 2221 anno
1339 2167 1424 2222 1111166

114 2272 141 2314 cs.
151 2271 177 2313 Α,
185 2267 245 2312 und.
254 2255 449 2326 magnitudinis
467 2253 604 2309 edificium
623 2253 722 2308 cecidit
739 2252 789 2306 ind
810 2252 1006 2322 Magadaburc.
1042 2242 1119 2307 Hoc
1143 2263 1233 2307 anno
1257 2246 1425 2327 pugnavit

254 2336 439 2417 imperator
467 2333 565 2396 iuxta
588 2351 680 2395 mare
704 2330 880 2394 Sicilianm
903 2350 982 2394 cum
1005 2330 1200 2396 Sarracenis
1224 2336 1260 2396 et
1282 2332 1422 2404 Mauris,

254 2425 291 2487 in
315 2442 381 2506 quo
405 2421 533 2506 proelio
557 2420 683 2483 scrinia
706 2439 783 2482 cum
806 2418 979 2501 1611611116Θ
1001 2424 1206 2498 sanctorum,
1231 2442 1294 2505 pro
1309 2421 1422 2485 dolori

255 2512 378 2586 amisit,
408 2509 583 2593 episcopis,
615 2507 811 2590 capellanis,
841 2507 990 2572 tribunis
1015 2511 1050 2572 et
1073 2529 1159 2592 pene
1183 2509 1341 2574 omnibus
1365 2511 1424 2593 qui

253 2599 442 2665 interfuere
471 2596 652 2661 comitibus
679 2595 881 2660 interfectis.
930 2595 1017 2660 Oum
1039 2617 1119 2661 vero
1142 2598 1328 2681 imperator
1351 2619 1424 2662 suo·

253 2711 330 2752 rum
359 2687 479 2769 fugam
506 2685 838 2768 sarracenorumque
869 2686 1079 2768 conspiceret
1110 2687 1298 2764 audaciam,
1330 2707 1424 2751 arma

254 2775 407 2862 proiecit,
435 2774 641 2839 vestimenta
670 2773 766 2838 exuit
795 2794 898 2856 seque
924 2774 961 2836 in
984 2774 1135 2838 vicinum
1158 2770 1273 2840 maref
1299 2777 1423 2860 praeci-

254 2867 361 2950 pitem
391 2864 497 2941 dedit,
528 2863 565 2926 in
595 2884 663 2947 quo
693 2864 775 2926 dum
805 2863 956 2927 incertus
980 2862 1033 2926 sui
1057 2864 1117 2927 diu
1141 2864 1422 2928 circumnatando

252 2954 435 3028 laboraret,
452 2952 519 3017 Dei
535 2951 750 3016 ordinatione
767 2953 1038 3016 adversariorum
1061 2953 1201 3036 quidam
1221 2955 1423 3037 navigantes

170 3083 172 3086 -
254 3044 467 3106 advenerunt
496 3061 641 3124 eumque
671 3041 741 3105 iarn
769 3046 982 3124 mergentem
1008 3042 1045 3104 in
1072 3043 1188 3106 navim
1211 3042 1423 3106 levaverunt.

254 3132 319 3208 ibi,
350 3135 391 3194 ut
421 3131 529 3205 aiunt,
563 3130 738 3194 simulavit
768 3150 803 3194 se
831 3152 901 3194 non
931 3150 1003 3195 esse
1033 3131 1092 3214 qui
1123 3134 1205 3206 erat,
1241 3131 1357 3194 dicens
1387 3150 1423 3193 se

253 3242 361 3284 unum
396 3240 468 3284 esse
503 3221 545 3283 de
580 3219 748 3283 militibus
783 3219 1008 3302 imperatoris.
1067 3217 1220 3299 Cumque
1259 3219 1295 3279 in
1329 3216 1422 3277 hunc

253 3311 393 3373 modum
416 3312 553 3372 mutuos
578 3329 656 3372 cum
679 3307 880 3372 adversariis
904 3326 1074 3371 sermones
1098 3307 1278 3378 conferret,
1307 3302 1422 3365 subito

253 3399 339 3463 mari
368 3397 522 3462 insiliens
557 3398 601 3460 ad
631 3397 822 3480 proximum
855 3394 1086 3458 transnatavit
1120 3393 1236 3468 littus,
1272 3389 1422 3454 mirabili

253 3488 320 3552 Dei
336 3487 507 3551 adiutorio
527 3485 704 3549 liberatus.
739 3482 868 3547 Milites
893 3485 1017 3557 autem,
1043 3481 1101 3565 qui
1124 3479 1208 3544 belli
1231 3479 1423 3563 periculum

253 3578 443 3652 evaserunt,
476 3573 535 3637 alii
564 3573 665 3648 fame,
698 3572 758 3635 alii
786 3571 892 3634 nimio
916 3569 1056 3634 aestatis
1079 3570 1212 3633 fervore
1235 3568 1421 3653 perierunt.

177 3691 204 3732 a.
213 3689 244 3732 a.
253 3664 383 3728 Eodem
413 3683 503 3726 anno
528 3661 619 3726 Otdo
648 3680 754 3743 nepos
783 3658 998 3742 imperatoris
1029 3661 1064 3722 et
1092 3659 1162 3721 dux
1189 3657 1422 3722 Bavvariorum

251 3892 274 3942 a)
287 3903 306 3932 6.
321 3891 378 3928 deest
391 3901 408 3930 c.
469 3888 491 3936 b)
505 3888 536 3926 sic
549 3898 566 3929 6.
580 3891 599 3926 et
614 3886 753 3934 staindeliue,
768 3884 897 3923 Lambertus
910 3884 988 3923 rectius
1002 3884 1107 3933 Sironem
1121 3885 1190 3927 habu.
1245 3889 1265 3934 6)
1280 3885 1305 3927 0.
1319 3886 1334 3927 i.
1347 3896 1422 3933 aupes·-

251 3945 333 3991 scripta
347 3944 370 3980 ln
383 3954 401 3982 c,
469 3939 492 3987 d)
507 3941 530 3979 ln
545 3951 586 3982 om.
599 3941 623 3977 in
637 3951 661 3988 6,,
676 3940 735 3987 opud
749 3938 892 3976 staindelium
907 3938 991 3986 laycus.
1059 3939 1081 3990 e)
1095 3938 1187 3989 reliquis
1202 3951 1219 3982 c.
1286 3938 1423 3990 06611616-

251 4001 296 4034 tum
311 3998 333 4033 s'n
347 4007 363 4037 c.

252 4175 278 4241 1)
297 4174 338 4238 Of.
357 4171 529 4224 Lembcrlum
547 4177 570 4222 61
589 4171 660 4224 Ana.
681 4169 814 4223 01161111.
898 4170 926 4237 2)
943 4172 1033 4225 Aiane.
1122 4169 1150 4237 3)
1167 4170 1209 4233 Of.
1229 4169 1309 4219 Gesta
1327 4167 1422 4233 epicos

248 4262 347 4313 porum
365 4243 594 4295 Cameracensium
611 4242 635 4308 Ι,
655 4258 676 4295 c.
695 4243 730 4296 98
749 4242 810 4307 (SS.
829 4240 890 4306 VII,
907 4260 936 4309 p.
955 4243 1029 4306 441).
1116 4243 1145 4307 4)
1162 4241 1260 4292 Error.
1297 4238 1331 4289 In
1350 4238 1421 4291 Ana.

251 4315 424 4368 Hildcsteim.
456 4314 492 4364 cd
519 4329 582 4368 ann.
610 4315 671 4369 981.
702 4313 764 4364 baec
792 4314 932 4378 locuntur:
962 4310 1117 4379 Imperator
1146 4308 1246 4377 pascha
1275 4307 1422 4361 celebravit

250 4386 364 4442 Romae.
