3270 5028
344 481 524 538 ANNALES
542 480 797 538 ALTAHRNSES
815 480 998 538 MAIORus,
1034 481 1162 540 alcea
1176 486 1255 541 1063.
1354 485 1388 540 61

213 666 381 750 peratoris
403 664 441 727 in
465 663 608 728 Italiam
636 663 753 728 fuerat
782 683 938 728 reversus
969 667 1015 742 et,
1047 665 1219 730 connubio
1248 666 1388 730 iunctus

212 755 337 818 viduae
354 751 535 830 Bonifacii,
559 752 728 817 maximus
743 752 938 817 habebatur
960 753 998 816 in
1020 752 1090 817 illis
1107 754 1263 838 partibus
1277 754 1388 838 regni.

213 840 282 906 Hic
306 861 387 925 ergo
410 859 503 904 nunc
526 841 628 904 minis
651 860 744 905 nunc
768 841 911 905 consilio
935 861 1014 905 cum
1037 842 1204 906 ambobus
1228 863 1299 906 non
1321 861 1389 907 ces·

214 931 303 996 savit
326 949 437 1013 agere,
462 930 573 994 donec
587 933 773 1012 utrumque
788 930 959 1014 persuasit
975 931 1020 994 ad
1035 931 1152 995 sedem
1167 931 1389 1014 pontificatus

213 1019 267 1083 sui
289 1019 411 1096 redire,
443 1018 666 1102 praecipiens,
699 1017 878 1082 amborum
907 1018 1041 1100 legatos
1064 1039 1181 1083 secum
1204 1020 1249 1083 ad
1271 1039 1389 1102 regem

213 1108 272 1184 ire,
303 1112 345 1171 ut
367 1108 396 1170 is
419 1107 639 1192 postmodum
666 1106 783 1170 sedem
811 1105 1036 1190 apostolicam
1059 1107 1133 1172 sine
1157 1109 1390 1172 controversia

212 1199 363 1273 teneret,
400 1215 503 1278 quem
536 1215 597 1259 rex
631 1197 666 1258 et
699 1195 798 1278 regni
832 1195 1004 1279 principes
1038 1195 1243 1260 iudicarent.
1294 1194 1388 1262 Huic

214 1283 417 1347 diffinitioni
441 1283 542 1347 ambo
564 1283 669 1347 facile
694 1283 966 1361 consentiebant,
991 1284 1154 1366 quoniam
1175 1287 1322 1367 uterque
1345 1286 1389 1350 de

214 1393 277 1437 sua
307 1392 411 1436 causa
439 1371 691 1456 praesumebat.
747 1371 816 1435 sed
850 1392 929 1434 cum
962 1373 1000 1436 hi
1034 1372 1143 1455 legati
1176 1374 1221 1437 ad
1256 1375 1389 1438 curtem

213 1461 345 1543 regiam
374 1460 550 1524 venissent
582 1462 618 1524 et
648 1479 751 1523 causa
785 1461 871 1523 haec
905 1461 943 1523 in
977 1461 1073 1524 curia
1107 1462 1232 1544 agitari
1266 1465 1390 1546 coepta

213 1549 347 1625 fuisset,
370 1548 530 1612 omnibus
545 1548 687 1632 placuit,
710 1550 752 1610 ut
774 1548 812 1625 is,
838 1549 897 1631 qui
913 1553 1130 1613 consecratus
1145 1549 1248 1627 foret,
1270 1570 1389 1614 rursus

215 1639 259 1700 ad
282 1636 508 1721 apostolicam
530 1637 647 1701 sedem
664 1639 905 1714 reverteretur,
931 1637 1040 1701 donec
1056 1639 1220 1702 canonico
1244 1642 1280 1703 et
1303 1639 1389 1702 sinc

215 1725 286 1789 dali
315 1725 443 1789 iudicio
474 1725 614 1789 auditus
642 1728 704 1789 aut
727 1725 840 1790 cidem
862 1726 935 1789 sedi
957 1726 1048 1790 iuste
1071 1726 1304 1811 praeferretur
1327 1730 1389 1790 aut

214 1903 362 1987 patriam
391 1903 548 1980 redeunt,
579 1905 615 1967 et
638 1902 835 1967 Alexander
856 1923 928 1966 non
950 1902 1101 1966 multum
1123 1907 1202 1987 post
1223 1904 1388 1987 temporis

213 2011 369 2056 reversus
393 1994 445 2054 est
459 1990 605 2054 Romam
615 1989 637 2052 1.
683 1990 869 2074 Engilhart
884 1991 1192 2074 Magdcburgensis
1209 1992 1388 2076 episcopus
1397 2014 1455 2064 sug.
1462 2014 1495 2058 sc.

214 2079 310 2158 obiit,
335 2080 490 2144 succedit
506 2078 648 2144 Wezi12.
684 2077 781 2144 Obiit
805 2080 910 2144 etiam
925 2079 1147 2144 Adalhardus
1170 2080 1277 2144 abbas
1292 2081 1388 2144 Alta·
1397 2105 1454 2147 κον.
1462 2102 1495 2147 1³,

214 2169 314 2246 ensis,
337 2168 391 2232 vir
417 2169 455 2230 in
482 2168 674 2231 monastica
702 2166 915 2252 professione
945 2168 1167 2252 perfectionis
1198 2173 1387 2233 summae⁸.

750 2336 849 2409 1063.

318 2450 393 2515 Rex
415 2450 452 2512 in
475 2449 683 2531 Frisingun3
705 2450 822 2514 natale
838 2449 981 2513 Domini
1004 2449 1201 2528 celebravit,
1225 2450 1287 2513 ubi
1311 2469 1386 2514 con-

213 2539 329 2602 stituit
351 2537 556 2602 Wenzlaum
586 2537 809 2602 Altaensibus
839 2542 983 2623 patrem,
1020 2539 1174 2602 eiusdem
1203 2558 1385 2622 congrega·

211 2627 317 2690 tionis
340 2627 547 2690 monachum
571 2629 606 2691 et
628 2620 807 2704 fratremb,
838 2629 899 2692 sed
927 2631 1012 2691 tunc
1035 2628 1199 2712 temporis
1223 2627 1386 2692 abbatem

211 2715 434 2781 Leonensem.
481 2715 517 2779 Is
539 2735 620 2798 ergo
636 2715 802 2780 Altaham
824 2716 966 2780 veniens
989 2717 1027 2779 in
1050 2716 1223 2780 dominica
1246 2716 1463 2786 circum-rar.

212 2805 339 2870 cisione
362 2804 529 2868 fratribus
546 2805 679 2869 eunctis
697 2805 1002 2887 congaudentibus,
1027 2807 1205 2888 susceptus
1230 2807 1283 2869 est
1306 2825 1385 2868 cum

211 2893 346 2976 ingenti
375 2894 505 2956 honore
529 2891 700 2975 simulque
730 2893 903 2956 communi
932 2892 1050 2958 leticia
1078 2894 1258 2957 universae
1287 2892 1384 2957 fami·

211 2980 289 3044 liae.
337 2980 503 3044 Sanctum
525 2981 632 3063 igitur
655 3001 758 3064 pasca
779 3001 840 3044 rex
862 2981 900 3043 in
924 2979 1067 3045 Groslare
1095 2981 1293 3059 celebravit,
1322 2982 1490 3058 ibi-spru.

101 3149 103 3154 Ι
211 3088 277 3151 que
300 3069 337 3131 in
360 3068 505 3132 sabbato
528 3072 648 3132 sancto
670 3069 872 3152 repentinus
894 3069 1067 3132 tumultus
1091 3069 1206 3134 subito
1227 3070 1382 3148 exarsit4‚

211 3158 271 3222 sed
294 3157 435 3221 favente
458 3155 545 3220 Dei⁰
574 3156 759 3221 clementia
781 3178 860 3221 mox
883 3158 1015 3241 sopitus
1039 3159 1193 3222 cessavit.

317 3245 514 3310 Alexander
537 3264 618 3327 ergo
641 3265 740 3329 papa,
771 3249 812 3307 ut
835 3246 904 3308 iam
927 3247 1083 3324 diximus,
1107 3246 1253 3310 Romam
1275 3267 1383 3311 rever·

211 3355 268 3398 sus
292 3337 367 3399 erat
390 3337 434 3410 et,
459 3337 500 3396 ut
522 3353 595 3397 mos
615 3335 668 3398 est
682 3333 858 3398 Romanae
874 3334 1048 3411 ecclesiae,
1072 3338 1150 3418 post
1173 3355 1276 3419 pasca
1298 3336 1384 3398 sino·

211 3424 294 3486 dum
329 3423 565 3507 episcoporum
599 3425 636 3486 et
669 3422 836 3486 abbatum
871 3423 1052 3487 convenire
1085 3422 1181 3487 fecit.
1239 3423 1283 3486 In
1317 3424 1383 3487 hac

210 3511 318 3593 igitur
340 3512 460 3575 sinodo
485 3512 528 3576 de
552 3511 711 3594 episcopo
729 3510 907 3575 Parmensi
929 3514 1025 3574 mota
1048 3514 1101 3575 est
1123 3512 1267 3594 questio,
1291 3513 1384 3594 quod

212 3599 302 3663 datis
325 3599 489 3683 pecuniis,
520 3619 582 3683 per
604 3599 754 3664 heresim
777 3599 909 3664 scilicet
933 3600 1163 3676 simoniacam,
1188 3600 1306 3665 sedem
1328 3599 1384 3664 ob-

210 3685 321 3750 tinere
350 3690 520 3752 tentasset
550 3688 773 3772 apostolicam
804 3691 852 3765 et,
885 3707 963 3752 cum
992 3688 1059 3751 hoc
1087 3709 1158 3751 non
1187 3689 1383 3772 proveniret

115 3793 202 3842 asu.
212 3775 256 3837 ad
277 3777 397 3838 votum
420 3796 529 3854 suum,
550 3772 699 3840 'bellum
715 3780 751 3841 et
767 3779 916 3840 armatas
931 3796 1053 3840 manus
1068 3776 1228 3840 intulerit
1242 3776 1382 3856 Romae,

211 3927 234 4034 a}
247 3939 270 4021 (ἵὶ
287 3929 344 3977 perf.
361 3928 450 3970 Auctor.
469 3929 550 3974 nucu.
569 3935 588 3969 u
607 3931 711 3974 sancei
728 3929 898 3982 (rAltahensls).
965 3930 988 3979 b)
1006 3933 1095 3980 patrem
1107 3931 1236 3969 Auctor-ium
1249 3931 1384 3978 Is'hlrehordi

212 3993 224 4022 c
284 3992 301 4022 c.

212 4088 238 4154 1)
255 4088 411 4140 Alauuuder
422 4088 462 4142 Π.
481 4095 542 4140 auu
554 4089 658 4156 punctu
676 4107 701 4144 a.
714 4092 792 4145 1063.
804 4090 918 4143 Romam
930 4085 1020 4145 rediit.
1074 4092 1102 4158 2)
1113 4091 1214 4146 Auuul.
1226 4091 1385 4157 necroloqici

210 4159 364 4226 Fuluianus,
389 4158 560 4225 mecldua
585 4161 732 4212 donatista
756 4161 831 4214 Sauo
856 4162 886 4212 du
911 4168 994 4213 morta
1018 4161 1191 4227 Enpelburdi
1214 4178 1286 4214 anuo
1304 4164 1382 4218 1063.

210 4232 381 4284 coambiunt.
436 4230 464 4296 3)
481 4227 622 4282 Goslariae
634 4231 800 4299 Lamianus,
820 4232 895 4284 haud
912 4233 990 4283 dubie
1007 4232 1050 4283 bic
1067 4234 1097 4284 iu
1114 4248 1233 4285 errorem
1250 4234 1383 4291 inductus.

211 4301 253 4364 Of.
266 4301 381 4369 Stumpf
393 4317 437 4355 ur.
450 4302 530 4356 2617.
548 4308 573 4353 et
590 4302 681 4367 Meyer
698 4318 748 4354 von
761 4304 889 4368 Knonuu,
911 4303 1100 4355 ‘Jourbuher’
1118 4304 1143 4370 Ι,
1160 4321 1190 4372 p.
1203 4305 1264 4369 305,
1283 4319 1310 4357 n.
1322 4307 1382 4360 135.

210 4371 239 4436 4)
258 4372 399 4424 Tumultus
424 4373 470 4424 illc
489 4379 646 4440 pentecostes
670 4374 798 4426 solcmuiu
816 4375 947 4440 turbarit,
973 4389 1027 4426 uon
1050 4374 1132 4439 festos
1154 4374 1302 4442 paschales.
1340 4376 1382 4440 Of.

210 4443 330 4495 Annales
348 4444 512 4496 Oorbeicuscs
529 4450 553 4495 et
570 4445 750 4500 Lumbertum.
